2642 4568
682 439 685 446 ,
722 344 774 420 48

246 505 390 604 intenigi
416 510 582 604 poterat,)
610 509 673 578 etsi
699 531 767 574 non
798 505 1059 598 significaretura
1099 519 1132 574 at
1159 507 1242 576 istud

244 633 335 720 (soil.
360 631 449 721 quod
473 632 566 697 lleus
593 629 751 695 mundaum
776 651 818 694 ex
839 626 950 717 aliqua
976 625 1112 706 materia
1131 627 1239 716 lecit),

130 817 148 828 ,,
247 764 318 819 erat
341 751 375 816 in
404 749 523 834 dnbio,
555 748 621 814 nisi
648 757 760 835 aperte
787 745 946 848 videlicet
973 721 1240 838 signilieiretur‘6

246 868 430 964 (cap.XXl
451 869 526 939 adv.
544 866 737 956 Hermog‚).
812 873 814 878 '
966 845 970 865 ⁸

349 986 436 1077 Quis
454 997 574 1071 autern,
596 985 745 1080 simodo
765 983 1017 1077 praeconceptis
1039 983 1242 1075 opinionibus

242 1109 388 1178 inbutus
403 1129 470 1171 non
491 1117 560 1189 est,
598 1104 727 1194 quibus*
739 1107 824 1195 prob
844 1103 957 1170 dolor!
990 1102 1145 1170 instructi
1165 1127 1241 1172 non·

242 1227 330 1297 nulli
352 1226 393 1294 ed
418 1224 661 1316 interpretanda
683 1217 757 1324 ἱεροὶ
782 1216 989 1324 ’γράμματα
1008 1221 1065 1290 vel
1079 1223 1177 1292 inscii
1193 1247 1241 1292 ae·

244 1382 380 1465 cedunt,
396 1370 521 1469 suaque
533 1388 670 1468 propter
684 1375 718 1441 id
731 1375 841 1465 ipsum
855 1375 987 1443 decreta
1001 1376 1037 1442 in
1058 1371 1239 1480 γράμμασι

241 1501 399 1570 facillime
407 1497 668 1588 deprehendunt,
683 1494 718 1561 id
734 1494 823 1586 qnod
839 1495 1002 1587 exagetiei
1025 1495 1158 1586 (puidam
1170 1494 1240 1564 libri

241 1629 395 1688 recentes
411 1602 489 1682 satis
511 1607 750 1701 ostendunt,-
765 1613 853 1704 quis,
874 1612 1022 1706 inquam,
1042 1615 1239 1685 Tertulliano

240 1738 341 1808 fidem
361 1761 429 1804 non
443 1735 611 1828 praebeat,
631 1760 704 1826 cap.
729 1721 833 1800 XXII
854 1733 946 1806 advs.
967 1735 1112 1826 Hermg.
1141 1735 1238 1803 libere

242 1856 424 1949 aperientis
451 1853 589 1942 „an-de
603 1854 712 1944 aliqua
727 1851 917 1939 subjacente
925 1853 1060 1920 materia
1076 1855 1161 1924 lacta
1179 1854 1238 1922 siut

240 1974 362 2061 mnia,
377 1999 413 2041 se
435 1997 598 2063 nusquam
611 1971 737 2057 (idesta
761 1972 824 2058 „in
844 1971 1030 2064 evaugelio,
1056 1974 1146 2064 quod
1159 1996 1237 2041 com·

243 2095 640 2181 monstrantantegresse)
660 2091 765 2157 adbuc
786 2090 950 2181 tegimen
968 2091 1169 2160 Laudandus
1182 2105 1238 2175 est,

118 2275 126 2293 ,
242 2211 432 2306 quicunque
460 2210 496 2276 iu
528 2209 629 2276 rebus
657 2208 870 2300 dogmaticis,
902 2233 985 2300 quae
1016 2211 1152 2278 maximi
1178 2236 1238 2278 mo-

239 2330 343 2399 menti
363 2341 457 2415 sunt,
487 2339 678 2422 argumenta
702 2319 864 2418 postulat,
896 2351 939 2396 ex
967 2325 1073 2398 verb'o
1090 2334 1174 2419 Dei,
1194 2344 1238 2400 ut·

237 2461 316 2542 pote
335 2450 423 2518 baud
443 2449 599 2533 fallente,
618 2447 802 2537 desumpta,
826 2449 991 2538 quoumdo
1007 2450 1168 2545 scripturn
1187 2476 1236 2519 ex·

238 2581 302 2638 stat
319 2569 470 2674 inopere
486 2569 597 2660 aliquo
615 2566 751 2633 Petriuo
769 2563 802 2651 (1
820 2566 917 2656 epist.
940 2569 980 2654 l,
1001 2568 1080 2661 {9)=
1118 2571 1235 2672 ἔχομεν

236 2690 297 2778 riv
328 2689 539 2798 προφητικδν
563 2688 685 2790 λόγον,
721 2679 748 2801 ᾧ
774 2693 892 2771 καλῶς
917 2706 1044 2772 ποιεῖτε
1068 2699 1238 2801 προςὲχοι-

236 2862 297 2913 τις
322 2834 378 2926 ι),
401 2829 445 2910 ὥς
465 2827 584 2938 λύχνῳ
610 2832 764 2929 φαίνοντι
790 2829 821 2909 i'u
846 2827 1019 2932 ωὗχμηςῶ
1044 2829 1157 2940 τόπῳ,
1181 2838 1236 2914 ἕως

236 2949 275 3042 oi
301 2955 412 3060 ἡμέρα
434 2949 653 3052 dtuoyeiep¹‘,
702 2959 902 3027 Laudandus
916 2959 994 3027 item
1006 2960 1236 3044 Tertullianus,

237 3075 403 3145 clamans:
447 3074 640 3165 „scriptum
674 3099 749 3143 esse
778 3077 894 3146 doceat
920 3079 1147 3172 Hermogenis
1175 3079 1236 3148 offi-

238 3195 349 3265 cinl“
377 3192 640 3287 (subintelligasa
678 3194 719 3262 de
740 3196 875 3263 materia
902 3219 976 3264 esse
998 3200 1085 3266 lacta
1107 3198 1234 3291 omnia).

235 3310 490 3406 Quoniamque,
510 3322 548 3380 ut
579 3312 737 3398 arbitror,
767 3313 1020 3405 extimescebat,
1054 3339 1099 3386 ne
1127 3319 1235 3386 baere-

197 3471 199 3476 ·
235 3430 342 3520 tiene,
388 3434 479 3525 qnod
508 3424 630 3513 vellet,
676 3433 985 3523 interpolationibus
1017 3435 1233 3504 bibliothecae

235 3563 369 3622 senche
383 3556 513 3624 efficere
526 3561 678 3642 tentaret,
700 3553 872 3645 apposuitr
895 3553 961 3641 „si
982 3577 1051 3623 non
1079 3566 1141 3626 est·
1158 3550 1234 3628 scri·

235 3719 444 3746 *nu-

236 3821 268 3898 ¹)
301 3824 397 3903 Quem
415 3821 595 3886 excellenter
618 3821 790 3885 walthun·
813 3825 951 3904 quidemr
984 3871 989 3884 .

399 3923 482 3988 „lina
499 3923 579 3976 Salus
593 3925 663 3976 ntus
680 3934 740 3978 aaut
755 3940 828 3976 sacra
843 3924 943 3987 biblia,
960 3923 1019 3977 eale
1034 3924 1168 3995 teleptae,

399 4016 483 4106 Quale
498 4020 688 4086 permeantis
703 4020 838 4084 immoror,
854 4018 989 4076 werina
998 4020 1032 4088 “l
