2642 4568
710 291 846 371 8,.

660 524 813 623 μην
908 497 930 568 ³

426 685 480 752 De
497 682 628 800 fingenio
649 703 689 748 ae
710 682 827 757 stadio
847 682 1013 752 haeretiei.
1115 713 1125 720 ·

218 865 347 951 „Nihil
368 880 418 936 est
440 867 475 933 in
497 866 682 951 voluntate,
718 867 807 957 qnod
826 893 894 935 non
914 863 978 935 fnit
995 869 1031 936 iu
1052 866 1228 940 intellectu

408 986 478 1053 sive
506 987 592 1052 bene
617 986 687 1052 sive
708 986 794 1072 malo
814 986 1000 1055 informato.
1011 992 1037 1033 “

257 1105 501 1193 Tertullianus,
524 1107 602 1174 (lum
620 1129 693 1194 cap.
707 1104 839 1172 XXXII
851 1081 980 1173 advers.
994 1106 1158 1199 Hermog.
1181 1109 1227 1176 de

157 1239 159 1244 ’
219 1222 414 1312 quibusdam
426 1225 600 1292 hebetibus
612 1224 713 1291 rerba
723 1222 815 1308 facit,
823 1248 864 1290 an
870 1223 1119 1316 Hermogenem
1127 1226 1228 1298 etiam

121 1357 123 1368 ’
218 1339 316 1408 tacite
329 1343 372 1410 sit
387 1344 629 1435 designaturus,
648 1366 726 1408 sane
737 1339 899 1409 incertum
908 1341 1089 1429 judicetur.
1130 1344 1228 1415 lolem

217 1480 292 1550 rap.
310 1459 363 1527 111
387 1488 482 1548 „non
501 1461 754 1552 intelligentes“
776 1471 950 1544 memorat,
981 1442 1155 1552 „quorum
1175 1462 1228 1556 (ut

217 1552 536 1650 disertis'vocahulis
558 1581 630 1669 ejus
649 1579 747 1676 utar,)
767 1581 999 1672 Hermogenes
1020 1591 1165 1646 extrema
1185 1581 1227 1647 li·

160 1761 162 1769 ,
217 1721 281 1764 nea
301 1707 392 1767 est.“
434 1700 638 1768 Recordenti
656 1700 736 1766 mibi
746 1697 962 1766 Horatianum
981 1697 1084 1764 iltud=
1108 1724 1227 1783 „mors

218 1816 332 1884 ultima
348 1820 437 1887 linea
456 1845 568 1886 rerum
581 1825 671 1905 est“,
694 1817 917 1886 Tertullianus
937 1814 1079 1906 imagine
1100 1819 1141 1886 ab
1155 1829 1228 1886 arte

90 2013 92 2017 .
215 1929 396 2028 pingendi,
427 1965 525 2031 quam
544 1959 661 2008 revera
690 1938 866 2004 exercebat
885 1933 1137 2026 Hermogenes,
1160 1946 1227 2027 :pm

216 2055 293 2140 tite,
321 2041 386 2125 boe
410 2057 558 2124 dicturus
575 2075 665 2122 ‘esse
690 2054 838 2123 videturz
881 2053 1082 2122 haereticum
1108 2067 1227 2125 tenere

217 2174 368 2264 ultimum
393 2175 480 2242 inter
507 2199 576 2242 nou
602 2175 826 2266 intelligentes
852 2171 983 2258 loeum,
1020 2171 1091 2240 sive
1122 2193 1227 2246 untun

217 2293 364 2364 omniurn
384 2318 451 2360 non
465 2291 721 2387 intelligentium
734 2291 868 2358 minime
879 2290 1122 2383 intelligentem
1132 2317 1223 2362 esse.

119 2417 124 2424 ’
217 2409 320 2498 Quod
336 2413 500 2500 judicium
520 2413 594 2504 quis
614 2423 685 2497 est,
709 2411 789 2504 quin
810 2410 975 2478 existimet
990 2410 1089 2503 plane
1109 2411 1225 2480 immo·

217 2529 388 2598 ‹leratum‘l
447 2531 524 2598 Hoc
555 2533 710 2598 duntaxat
733 2530 1003 2612 eoncedendum,
1036 2529 1242 2622 Hermogeffi

216 2671 295 2719 uem
318 2656 386 2715 non
408 2660 474 2716 tam
487 2649 735 2740 intelligentem
755 2643 879 2734 fuisse,
907 2658 1062 2739 utquam
1082 2641 1225 2718 absur'rla
1317 2633 1318 2644 l

217 2789 260 2833 ex
273 2766 433 2858 ‚opinione
459 2767 500 2833 (le
520 2766 655 2835 materia
672 2766 823 2859 quapiam
845 2767 1045 2857 sempiterna
1062 2768 1224 2854 fluerent,

217 2896 368 2953 accurate
389 2869 614 2978 perspiceret.
685 2886 866 2953 Hominem
891 2909 960 2954 non
987 2885 1059 2952 siue
1087 2887 1225 2978 ingenio

217 3030 255 3071 ae
283 2977 400 3072 nitentis
424 3004 564 3095 quadam
583 3003 761 3071 subtilitate
783 3003 908 3086 fuisse,
937 3005 1157 3096 argumentis,
1187 3017 1229 3076 ut

217 3121 349 3214 opinor,
374 3122 538 3216 aliquibus
557 3124 726 3215 probatur,
748 3145 810 3213 per
832 3143 915 3216 quae
937 3123 1126 3214 opinionem
1146 3149 1226 3193 oon·

215 3241 377 3307 firmatum
396 3241 475 3307 ibat·
526 3241 658 3309 Revera
678 3239 876 3329 dolendum,
905 3241 994 3334 quod
1010 3254 1141 3310 amatum
1159 3246 1226 3314 viri

155 3337 159 3346 ’
216 3358 406 3449 ingenium,
423 3363 630 3450 ‘quamquam
650 3359 819 3447 nescium,
841 3361 1054 3453 propagando
1074 3374 1108 3430 et
1124 3361 1224 3434 stabi.

116 3535 121 3550 „
215 3477 328 3544 liendo
349 3477 560 3544 tenebrarum
582 3501 706 3572 regno,
736 3483 899 3573 quomodo
920 3484 965 3553 ait
987 3481 1152 3576 seriptum
1172 3505 1223 3552 ῃ.

219 3618 276 3663 era
297 3595 343 3688 1),
364 3596 575 3666 inserviebat.

218 3805 426 3826 m

215 3943 245 4014 ⁸)
263 3939 371 4030 ¹l’mrlua
389 3943 476 4004 uerbi
493 3962 579 4004 naara
596 3947 612 4006 1
629 3939 698 4005 eol.
716 3961 750 4022 ιδ
762 3944 827 4006 ait:
846 3941 884 4024 „ri
900 3945 1004 4017 Rauola
1020 3943 1069 4010 toi
1084 3945 1223 4018 mtroot‚“
