2642 4568
714 297 861 403 44'.

238 526 267 596 F
269 525 398 594 caderis
418 501 615 614 respectus
635 533 726 613 patre
749 521 910 588 ecclesiae
928 521 1143 612 pronunciata
1163 523 1245 607 sint,

239 643 375 718 dubium
390 668 458 710 non
479 653 541 709 est.
585 641 701 732 Pergit
722 640 810 707 enim
825 641 861 707 in
878 644 962 709 hanc
977 644 1048 710 lere
1062 643 1222 708 rationem
1232 671 1248 710 a

238 763 480 855 „evangelium
507 772 544 828 nt
573 759 839 850 supplementum
867 760 1081 828 Instrumenti
1105 759 1246 829 Veteris

177 950 179 957 ,
239 883 415 968 adhibebo,
432 883 470 949 in
492 905 558 972 quo
579 881 635 948 vel
648 903 688 946 eo
711 878 814 970 magis
829 879 987 947 debuerat
1005 880 1135 947 ostendi
1146 882 1246 951 Deus

238 1026 281 1068 cx
315 1001 425 1091 aliqua
457 998 593 1068 materia
623 999 777 1067 universa
808 996 951 1081 secisse,
994 1000 1084 1089 quad
1117 1000 1187 1068 illic
1207 1008 1246 1094 1)

236 1122 352 1205 etiam,
382 1107 566 1213 perquem
590 1119 700 1186 omnia
730 1119 862 1202 lecerit,
894 1117 1075 1184 referatura
1119 1165 1146 1202 ,‚
1163 1119 1245 1204 „In

235 1239 400 1333 principia
416 1252 486 1306 crat
506 1236 625 1306 Sermo
657 1231 690 1328 (ὅ
715 1230 859 1330 λόγος),
909 1235 946 1303 in
976 1247 1042 1328 qua
1074 1237 1244 1330 principio

235 1356 463 1426 scilicetllcus
480 1358 562 1425 fecit
583 1357 710 1424 caelum
731 1367 767 1421 et·
784 1366 917 1421 terram.
960 1355 1005 1421 Et
1026 1353 1146 1426 Sermo
1167 1369 1243 1429 erat

233 1476 323 1567 apud
340 1477 463 1560 Deum,
485 1477 623 1544 etllcus
643 1484 714 1541 erat
731 1471 863 1547 Sermo.
908 1473 1030 1542 Omnia
1049 1476 1240 1568 peripsum

233 1603 320 1664 facta
342 1575 436 1678 sunt}
463 1606 497 1662 et
518 1595 589 1662 sine
615 1617 655 1660 eo
676 1593 798 1659 factum
820 1604 871 1661 est
890 1595 1060 1670 nihil.““
1101 1598 1241 1665 Postea·

233 1739 331 1806 quam
352 1714 576 1781 Tertullianus
598 1712 691 1780 initia
714 1711 887 1782 Geneseos
908 1714 1116 1805 Joanneiquc
1138 1740 1240 1784 evan·

232 1809 313 1924 getii
345 1836 433 1900 hunc
465 1832 501 1898 in
528 1832 661 1898 modum
688 1832 959 1916 commiscuerat,
1005 1857 1090 1922 quae
1120 1859 1239 1904 secum

232 1951 415 2041 comparari
427 1951 720 2043 quidempossunt,
733 1975 848 2018 rerum
859 1952 1101 2020 commiscenda
1110 1979 1238 2045 nequa·

213 2139 218 2166 Ι
234 2079 331 2162 quam
345 2080 421 2136 sunt
431 2070 581 2162 (propter
593 2071 753 2161 quandam
763 2070 893 2157 scilicet
908 2072 1129 2139 diversitatem
1140 2098 1239 2165 argu·
1293 2147 1295 2152 ,

220 2187 335 2256 menti
341 2187 374 2281 ,)
396 2188 582 2279 subjungit:
625 2188 774 2280 „Quum
794 2188 895 2281 igitur
918 2201 952 2258 et
973 2173 1156 2277 (zetiam)
1178 2194 1238 2264 hie

227 2308 503 2376 manifestaturos
515 2310 620 2376 lactor
639 2309 664 2374 i.
685 2333 717 2376 e.
732 2307 840 2393 Deus,
860 2319 895 2376 et
909 2317 997 2378 facta
1016 2307 1040 2376 i.
1057 2319 1089 2382 e‘.
1110 2313 1236 2400 omnia,

232 2438 268 2495 ct
282 2451 345 2518 per
364 2452 462 2519 quem
482 2425 505 2494 i.
515 2452 546 2494 c.
570 2425 703 2512 Sermo,
724 2453 835 2494 nonne
858 2438 892 2495 et
910 2429 1001 2494 unde
1019 2429 1127 2496 omnia
1146 2432 1238 2501 lacta

230 2558 344 2615 essent
359 2571 378 2612 a
396 2547 470 2614 Deo
493 2571 555 2640 per
577 2544 775 2616 Sermonem
795 2551 843 2632 2),
863 2546 1032 2638 exegisset
1053 2549 1234 2646 orda'prn·

226 2897 259 2990 ll
291 2917 478 2995 Augustinus
496 2919 586 2974 stiam
609 2889 794 2976 Testlmenta
816 2931 917 2974 nostra
933 2917 1115 3002 sanctissima
1132 2915 1237 3000 appel·

293 3001 338 3068 lat
355 3015 570 3082 Instrumenta,
588 3012 670 3090 quod
688 3031 748 3088 quo
766 3029 853 3068 sensu
870 3010 948 3086 apud
970 3027 1066 3088 patres
1090 3013 1235 3078 ccclesias

293 3105 550 3182 fiat,ssexpositnm
569 3121 612 3163 est
629 3121 700 3166 nota
716 3116 734 3180 4
751 3105 926 3181 praefationi
943 3105 1080 3185 isagoges
1099 3130 1179 3171 meas
1196 3112 1235 3173 in

293 3201 380 3278 epist.
399 3199 485 3257 Pauli
502 3199 736 3258 adColoasensss
753 3199 875 3275 adjecta.
911 3199 995 3257 Unde
1007 3201 1113 3261 iterare
1127 3224 1234 3282 super.

294 3311 467 3352 vacaneum.
519 3294 722 3373 Evangelium
758 3309 855 3352 antem
883 3295 999 3356 Veteris
1034 3297 1235 3362 instrumenti

292 3386 534 3465 supplementum
558 3388 729 3450 aFlarente
752 3388 862 3462 iccirco
884 3389 1005 3446 videtur
1030 3409 1090 3446 essa
1113 3412 1234 3454 nuncu.

291 3498 413 3560 patum,
432 3482 502 3560 qnia
509 3521 521 3552 ,
538 3483 691 3560 quomodo
709 3504 725 3540 s
748 3503 828 3540 nexu
850 3501 919 3538 snm
950 3483 1141 3558 sequentibus
1164 3489 1232 3548 eol.

290 3574 418 3658 ligitare
435 3575 557 3654 δόγματα
573 3577 738 3647 nonnulla,
756 3596 830 3654 quae
847 3575 881 3634 in
897 3578 964 3637 vat.
981 3577 1108 3658 Tantam.
1132 3584 1231 3663 signis

290 3673 375 3730 licata
392 3673 598 3732 tantummodo
616 3690 703 3746 sunt,
721 3673 830 3731 clarius
847 3686 934 3749 atque
951 3671 1048 3730 fusius
1058 3695 1112 3754 per
1126 3667 1232 3738 ancta.
1307 3723 1308 3738 ,

289 3785 335 3825 res
353 3769 437 3827 Novi
454 3770 593 3829 Foedsrls
616 3783 835 3846 proponuntur.

221 3901 255 3988 αἱ
288 3909 341 3969 Ait
357 3906 531 3988 Septimiae,
548 3904 649 3979 losum
667 3905 795 3964 lGenes·
809 3926 822 3963 a
837 3903 1051 3984 contemplans,
1068 3909 1231 3984 σιμΧΧΠ

292 3990 374 4052 edre.
391 3998 515 4083 Hermg.
530 3999 641 4080 ἀληθῶς
661 4001 731 4082 pier
763 3999 885 4076 „adoro
908 4002 1071 4082 scripturae
1094 3999 1230 4082 plenitu-
