<?xml version="1.0" encoding="UTF-8"?>
<!DOCTYPE html PUBLIC "-//W3C//DTD XHTML 1.0 Transitional//EN"
    "http://www.w3.org/TR/xhtml1/DTD/xhtml1-transitional.dtd">
<html xmlns="http://www.w3.org/1999/xhtml" xml:lang="en" lang="en">
 <head>
  <title>
</title>
<meta http-equiv="Content-Type" content="text/html;charset=utf-8" />
  <meta name='ocr-system' content='tesseract 3.04.00' />
  <meta name='ocr-capabilities' content='ocr_page ocr_carea ocr_par ocr_line ocrx_word'/>
</head>
<body>
  <div class='ocr_page' id='page_1' title='image "./hermogenesafric00hermgoog_0131.png"; bbox 0 0 2634 4568; ppageno 0'>
   <div class='ocr_carea' id='block_1_1' title="bbox 249 357 1270 753">
    <p class='ocr_par' dir='ltr' id='par_1_1' title="bbox 249 357 1269 726">
     <span class='ocr_line' id='line_1_1' title="bbox 735 357 787 442; baseline -0.231 1"><span class='ocrx_word' id='word_1_1' title='bbox 735 357 787 442; x_wconf 74' lang='lat'>96</span> 
     </span>
     <span class='ocr_line' id='line_1_2' title="bbox 249 496 1269 617; baseline -0.024 -11"><span class='ocrx_word' id='word_1_2' title='bbox 249 535 373 606; x_wconf 73' lang='lat' dir='ltr'>finibm</span> <span class='ocrx_word' id='word_1_3' title='bbox 394 522 713 617; x_wconf 75' lang='lat' dir='ltr'>circumscripsit)</span> <span class='ocrx_word' id='word_1_4' title='bbox 678 541 695 596; x_wconf 85' lang='lat'>1</span> <span class='ocrx_word' id='word_1_5' title='bbox 697 496 746 608; x_wconf 67' lang='grc' dir='ltr'>)“ἒΙ</span> <span class='ocrx_word' id='word_1_6' title='bbox 775 513 865 608; x_wconf 74' lang='lat' dir='ltr'>Quo</span> <span class='ocrx_word' id='word_1_7' title='bbox 891 499 1052 602; x_wconf 71' lang='lat' dir='ltr'>maiorem</span> <span class='ocrx_word' id='word_1_8' title='bbox 1075 511 1112 578; x_wconf 86' lang='lat' dir='ltr'>in</span> <span class='ocrx_word' id='word_1_9' title='bbox 1142 535 1269 604; x_wconf 74' lang='lat' dir='ltr'>genere</span> 
     </span>
     <span class='ocr_line' id='line_1_3' title="bbox 250 633 1270 753; baseline -0.026 -27"><span class='ocrx_word' id='word_1_10' title='bbox 250 653 368 726; x_wconf 78' lang='lat' dir='ltr'>isto</span> <span class='ocrx_word' id='word_1_11' title='bbox 336 678 405 753; x_wconf 79' lang='lat' dir='ltr'>vum</span> <span class='ocrx_word' id='word_1_12' title='bbox 432 648 587 717; x_wconf 80' lang='lat' dir='ltr'>materiae</span> <span class='ocrx_word' id='word_1_13' title='bbox 604 642 737 710; x_wconf 78' lang='lat' dir='ltr'>inuitam</span> <span class='ocrx_word' id='word_1_14' title='bbox 758 659 835 714; x_wconf 79' lang='lat' dir='ltr'>esse</span> <span class='ocrx_word' id='word_1_15' title='bbox 856 634 982 717; x_wconf 82' lang='lat' dir='ltr'>voluit,</span> <span class='ocrx_word' id='word_1_16' title='bbox 1014 655 1078 717; x_wconf 86' lang='lat' dir='ltr'>eo,</span> <span class='ocrx_word' id='word_1_17' title='bbox 1111 633 1180 700; x_wconf 83' lang='lat' dir='ltr'>uiti</span> <span class='ocrx_word' id='word_1_18' title='bbox 1202 657 1270 701; x_wconf 90' lang='lat' dir='ltr'>out·</span> 
     </span>
    </p>
   </div>
   <div class='ocr_carea' id='block_1_2' title="bbox 76 737 1271 985">
    <p class='ocr_par' dir='ltr' id='par_1_2' title="bbox 76 737 1271 985">
     <span class='ocr_line' id='line_1_4' title="bbox 252 737 1271 858; baseline -0.023 -15"><span class='ocrx_word' id='word_1_19' title='bbox 252 776 308 844; x_wconf 86' lang='lat' dir='ltr'>nia</span> <span class='ocrx_word' id='word_1_20' title='bbox 333 797 386 840; x_wconf 90' lang='lat' dir='ltr'>me</span> <span class='ocrx_word' id='word_1_21' title='bbox 407 769 547 853; x_wconf 78' lang='lat' dir='ltr'>fallunt,</span> <span class='ocrx_word' id='word_1_22' title='bbox 578 763 687 831; x_wconf 85' lang='lat' dir='ltr'>minor</span> <span class='ocrx_word' id='word_1_23' title='bbox 713 757 819 827; x_wconf 80' lang='lat' dir='ltr'>divini</span> <span class='ocrx_word' id='word_1_24' title='bbox 843 737 1000 824; x_wconf 83' lang='lat' dir='ltr'>Numiuit</span> <span class='ocrx_word' id='word_1_25' title='bbox 1022 762 1170 858; x_wconf 73' lang='lat' dir='ltr'>potentat</span> <span class='ocrx_word' id='word_1_26' title='bbox 1197 777 1271 845; x_wconf 83' lang='lat' dir='ltr'>per·</span> 
     </span>
     <span class='ocr_line' id='line_1_5' title="bbox 76 872 1271 985; baseline -0.021 -20"><span class='ocrx_word' id='word_1_27' title='bbox 76 943 80 953; x_wconf 88' lang='lat'>-</span> <span class='ocrx_word' id='word_1_28' title='bbox 188 973 195 985; x_wconf 91' lang='lat'><strong>.</strong></span> <span class='ocrx_word' id='word_1_29' title='bbox 253 893 399 963; x_wconf 85' lang='lat' dir='ltr'>bibenda</span> <span class='ocrx_word' id='word_1_30' title='bbox 425 898 507 956; x_wconf 85' lang='lat' dir='ltr'>eret.</span> <span class='ocrx_word' id='word_1_31' title='bbox 563 881 640 950; x_wconf 74' lang='lat' dir='ltr'>liae</span> <span class='ocrx_word' id='word_1_32' title='bbox 659 880 764 972; x_wconf 77' lang='lat' dir='ltr'>igitur</span> <span class='ocrx_word' id='word_1_33' title='bbox 796 876 925 944; x_wconf 82' lang='lat' dir='ltr'>ratione</span> <span class='ocrx_word' id='word_1_34' title='bbox 954 872 1064 940; x_wconf 75' lang='lat' dir='ltr'>amitit</span> <span class='ocrx_word' id='word_1_35' title='bbox 1083 873 1271 949; x_wconf 77' lang='lat' dir='ltr'>haereticus</span> 
     </span>
    </p>
   </div>
   <div class='ocr_carea' id='block_1_3' title="bbox 253 991 1274 1092">
    <p class='ocr_par' dir='ltr' id='par_1_3' title="bbox 253 991 1274 1092">
     <span class='ocr_line' id='line_1_6' title="bbox 253 991 1274 1092; baseline -0.024 -9"><span class='ocrx_word' id='word_1_36' title='bbox 253 1013 426 1084; x_wconf 83' lang='lat' dir='ltr'>notionem</span> <span class='ocrx_word' id='word_1_37' title='bbox 446 1007 519 1078; x_wconf 84' lang='lat' dir='ltr'>veri</span> <span class='ocrx_word' id='word_1_38' title='bbox 539 1003 628 1087; x_wconf 79' lang='lat' dir='ltr'>Dei,</span> <span class='ocrx_word' id='word_1_39' title='bbox 656 1005 812 1072; x_wconf 72' lang='lat' dir='ltr'>vitamve</span> <span class='ocrx_word' id='word_1_40' title='bbox 826 994 998 1064; x_wconf 87' lang='lat' dir='ltr'>notionem</span> <span class='ocrx_word' id='word_1_41' title='bbox 1015 991 1082 1062; x_wconf 77' lang='lat' dir='ltr'>net</span> <span class='ocrx_word' id='word_1_42' title='bbox 1096 995 1148 1088; x_wconf 82' lang='lat'>2),</span> <span class='ocrx_word' id='word_1_43' title='bbox 1175 1023 1274 1092; x_wconf 74' lang='lat' dir='ltr'>quam</span> 
     </span>
    </p>
   </div>
   <div class='ocr_carea' id='block_1_4' title="bbox 258 1241 470 1284">
    <p class='ocr_par' dir='ltr' id='par_1_4' title="bbox 258 1241 470 1284">
     <span class='ocr_line' id='line_1_7' title="bbox 258 1241 470 1284; baseline -0.009 -14"><span class='ocrx_word' id='word_1_44' title='bbox 258 1241 470 1284; x_wconf 37' lang='lat' dir='ltr'>„nt-‘&#39;¹¹&#39;&#39;</span> 
     </span>
    </p>
   </div>
   <div class='ocr_carea' id='block_1_5' title="bbox 225 1381 1277 2416">
    <p class='ocr_par' dir='ltr' id='par_1_5' title="bbox 327 1381 1274 1662">
     <span class='ocr_line' id='line_1_8' title="bbox 327 1381 1273 1468; baseline -0.01 -17"><span class='ocrx_word' id='word_1_45' title='bbox 327 1388 567 1468; x_wconf 72' lang='lat' dir='ltr'>omnipotentiae</span> <span class='ocrx_word' id='word_1_46' title='bbox 595 1387 733 1445; x_wconf 80' lang='lat' dir='ltr'>elefinitio</span> <span class='ocrx_word' id='word_1_47' title='bbox 759 1383 1020 1443; x_wconf 83' lang='lat' dir='ltr'>eeommentariia</span> <span class='ocrx_word' id='word_1_48' title='bbox 1045 1381 1205 1442; x_wconf 85' lang='lat' dir='ltr'>biatotieia</span> <span class='ocrx_word' id='word_1_49' title='bbox 1228 1381 1273 1442; x_wconf 78' lang='lat' dir='ltr'>de·</span> 
     </span>
     <span class='ocr_line' id='line_1_9' title="bbox 328 1479 1274 1563; baseline -0.011 -15"><span class='ocrx_word' id='word_1_50' title='bbox 328 1507 435 1548; x_wconf 77' lang='lat' dir='ltr'>creton.</span> <span class='ocrx_word' id='word_1_51' title='bbox 458 1483 621 1563; x_wconf 72' lang='lat' dir='ltr'>religionis</span> <span class='ocrx_word' id='word_1_52' title='bbox 654 1481 843 1538; x_wconf 85' lang='lat' dir='ltr'>Chtiatianae</span> <span class='ocrx_word' id='word_1_53' title='bbox 868 1497 898 1538; x_wconf 85' lang='lat' dir='ltr'>et</span> <span class='ocrx_word' id='word_1_54' title='bbox 928 1479 1076 1538; x_wconf 78' lang='lat' dir='ltr'>formulae</span> <span class='ocrx_word' id='word_1_55' title='bbox 1100 1481 1274 1552; x_wconf 76' lang='lat' dir='ltr'>Lualteriae,</span> 
     </span>
     <span class='ocr_line' id='line_1_10' title="bbox 327 1573 1271 1662; baseline -0.007 -21"><span class='ocrx_word' id='word_1_56' title='bbox 327 1593 403 1662; x_wconf 83' lang='lat' dir='ltr'>q&#39;uoa</span> <span class='ocrx_word' id='word_1_57' title='bbox 422 1582 543 1656; x_wconf 78' lang='lat' dir='ltr'>arripnit</span> <span class='ocrx_word' id='word_1_58' title='bbox 571 1579 684 1634; x_wconf 85' lang='lat' dir='ltr'>Cbriat.</span> <span class='ocrx_word' id='word_1_59' title='bbox 708 1579 787 1637; x_wconf 88' lang='lat' dir='ltr'>Dan.</span> <span class='ocrx_word' id='word_1_60' title='bbox 812 1573 962 1644; x_wconf 81' lang='lat' dir='ltr'>Becltiua,</span> <span class='ocrx_word' id='word_1_61' title='bbox 980 1575 1059 1652; x_wconf 82' lang='lat' dir='ltr'>prof.</span> <span class='ocrx_word' id='word_1_62' title='bbox 1083 1575 1188 1652; x_wconf 86' lang='lat' dir='ltr'>Lipa.,</span> <span class='ocrx_word' id='word_1_63' title='bbox 1206 1578 1271 1636; x_wconf 84' lang='lat' dir='ltr'>edit.</span> 
     </span>
    </p>

    <p class='ocr_par' dir='ltr' id='par_1_6' title="bbox 225 1668 1277 2416">
     <span class='ocr_line' id='line_1_11' title="bbox 225 1668 1272 1755; baseline -0.01 -18"><span class='ocrx_word' id='word_1_64' title='bbox 225 1687 230 1698; x_wconf 87' lang='lat'>&#39;</span> <span class='ocrx_word' id='word_1_65' title='bbox 326 1681 412 1755; x_wconf 87' lang='lat' dir='ltr'>Lipe.</span> <span class='ocrx_word' id='word_1_66' title='bbox 432 1685 518 1745; x_wconf 62' lang='lat' dir='ltr'><strong>¹801ss</strong></span> <span class='ocrx_word' id='word_1_67' title='bbox 549 1673 660 1731; x_wconf 80' lang='lat' dir='ltr'>evolve</span> <span class='ocrx_word' id='word_1_68' title='bbox 685 1692 754 1750; x_wconf 82' lang='lat' dir='ltr'>pag.</span> <span class='ocrx_word' id='word_1_69' title='bbox 779 1685 844 1747; x_wconf 74' lang='lat'><strong>219.</strong></span> <span class='ocrx_word' id='word_1_70' title='bbox 884 1671 910 1724; x_wconf 85' lang='lat' dir='ltr'><strong>E</strong></span> <span class='ocrx_word' id='word_1_71' title='bbox 935 1668 1176 1738; x_wconf 86' lang='lat' dir='ltr'>lociabiblicia,</span> <span class='ocrx_word' id='word_1_72' title='bbox 1202 1689 1272 1747; x_wconf 89' lang='lat' dir='ltr'>quoa</span> 
     </span>
     <span class='ocr_line' id='line_1_12' title="bbox 327 1766 1274 1842; baseline -0.007 -12"><span class='ocrx_word' id='word_1_73' title='bbox 327 1773 464 1831; x_wconf 86' lang='lat' dir='ltr'>eruditur</span> <span class='ocrx_word' id='word_1_74' title='bbox 498 1786 603 1826; x_wconf 82' lang='lat' dir='ltr'>auctor</span> <span class='ocrx_word' id='word_1_75' title='bbox 634 1768 779 1835; x_wconf 81' lang='lat' dir='ltr'>adduxit,</span> <span class='ocrx_word' id='word_1_76' title='bbox 829 1766 909 1822; x_wconf 83' lang='lat' dir='ltr'>conf.</span> <span class='ocrx_word' id='word_1_77' title='bbox 939 1766 1099 1842; x_wconf 86' lang='lat' dir='ltr'>praecipue</span> <span class='ocrx_word' id='word_1_78' title='bbox 1137 1767 1274 1827; x_wconf 82' lang='lat' dir='ltr'>CXXXV</span> 
     </span>
     <span class='ocr_line' id='line_1_13' title="bbox 328 1859 1273 1941; baseline -0.004 -15"><span class='ocrx_word' id='word_1_79' title='bbox 328 1868 419 1926; x_wconf 81' lang='lat' dir='ltr'>Palm.</span> <span class='ocrx_word' id='word_1_80' title='bbox 436 1867 466 1934; x_wconf 90' lang='lat'>6,</span> <span class='ocrx_word' id='word_1_81' title='bbox 485 1865 616 1941; x_wconf 84' lang='lat' dir='ltr'>iEphea.</span> <span class='ocrx_word' id='word_1_82' title='bbox 636 1883 687 1933; x_wconf 89' lang='grc' dir='ltr'>ιι,</span> <span class='ocrx_word' id='word_1_83' title='bbox 705 1879 740 1918; x_wconf 89' lang='lat' dir='ltr'>ut</span> <span class='ocrx_word' id='word_1_84' title='bbox 758 1859 814 1936; x_wconf 84' lang='lat' dir='ltr'>qni</span> <span class='ocrx_word' id='word_1_85' title='bbox 830 1859 883 1916; x_wconf 88' lang='lat' dir='ltr'>vel</span> <span class='ocrx_word' id='word_1_86' title='bbox 898 1862 1029 1918; x_wconf 78' lang='lat' dir='ltr'>menime</span> <span class='ocrx_word' id='word_1_87' title='bbox 1042 1862 1111 1918; x_wconf 89' lang='lat' dir='ltr'>heic</span> <span class='ocrx_word' id='word_1_88' title='bbox 1124 1863 1273 1938; x_wconf 76' lang='lat' dir='ltr'>quaeritent.</span> 
     </span>
     <span class='ocr_line' id='line_1_14' title="bbox 328 1955 1274 2032; baseline -0.01 -11"><span class='ocrx_word' id='word_1_89' title='bbox 328 1960 529 2022; x_wconf 81' lang='lat' dir='ltr'>Probebiliter</span> <span class='ocrx_word' id='word_1_90' title='bbox 548 1958 722 2016; x_wconf 82' lang='lat' dir='ltr'>obaetuavit</span> <span class='ocrx_word' id='word_1_91' title='bbox 747 1956 848 2012; x_wconf 81' lang='lat' dir='ltr'>identt</span> <span class='ocrx_word' id='word_1_92' title='bbox 889 1955 1020 2032; x_wconf 81' lang='lat' dir='ltr'>„ipram</span> <span class='ocrx_word' id='word_1_93' title='bbox 1046 1956 1108 2013; x_wconf 85' lang='lat' dir='ltr'>Dei</span> <span class='ocrx_word' id='word_1_94' title='bbox 1131 1973 1274 2014; x_wconf 81' lang='lat' dir='ltr'>autumem</span> 
     </span>
     <span class='ocr_line' id='line_1_15' title="bbox 327 2034 1273 2132; baseline -0.007 -17"><span class='ocrx_word' id='word_1_95' title='bbox 327 2060 394 2116; x_wconf 83' lang='lat' dir='ltr'>vim</span> <span class='ocrx_word' id='word_1_96' title='bbox 414 2074 443 2114; x_wconf 90' lang='lat' dir='ltr'>et</span> <span class='ocrx_word' id='word_1_97' title='bbox 461 2057 686 2132; x_wconf 82' lang='lat' dir='ltr'>operationem,</span> <span class='ocrx_word' id='word_1_98' title='bbox 706 2034 873 2128; x_wconf 77' lang='lat' dir='ltr'>numquam</span> <span class='ocrx_word' id='word_1_99' title='bbox 896 2049 985 2106; x_wconf 87' lang='lat' dir='ltr'>illam</span> <span class='ocrx_word' id='word_1_100' title='bbox 1004 2068 1186 2124; x_wconf 80' lang='lat' dir='ltr'>certantem,</span> <span class='ocrx_word' id='word_1_101' title='bbox 1210 2073 1273 2108; x_wconf 88' lang='lat' dir='ltr'>cum</span> 
     </span>
     <span class='ocr_line' id='line_1_16' title="bbox 330 2143 1276 2242; baseline -0.004 -34"><span class='ocrx_word' id='word_1_102' title='bbox 330 2153 447 2209; x_wconf 83' lang='lat' dir='ltr'>ratione</span> <span class='ocrx_word' id='word_1_103' title='bbox 476 2166 506 2206; x_wconf 88' lang='lat' dir='ltr'>et</span> <span class='ocrx_word' id='word_1_104' title='bbox 526 2147 683 2207; x_wconf 86' lang='lat' dir='ltr'>voluntate</span> <span class='ocrx_word' id='word_1_105' title='bbox 704 2150 771 2221; x_wconf 86' lang='lat' dir='ltr'>ejua</span> <span class='ocrx_word' id='word_1_106' title='bbox 790 2146 956 2203; x_wconf 84' lang='lat' dir='ltr'>aretiaaitne</span> <span class='ocrx_word' id='word_1_107' title='bbox 971 2143 1170 2242; x_wconf 77' lang='lat' dir='ltr'>copulatam</span> <span class='ocrx_word' id='word_1_108' title='bbox 1177 2154 1276 2207; x_wconf 87' lang='lat' dir='ltr'>etae“.</span> 
     </span>
     <span class='ocr_line' id='line_1_17' title="bbox 334 2220 1277 2323; baseline 0.001 -22"><span class='ocrx_word' id='word_1_109' title='bbox 334 2248 456 2323; x_wconf 82' lang='lat' dir='ltr'>Quippe</span> <span class='ocrx_word' id='word_1_110' title='bbox 482 2261 588 2302; x_wconf 81' lang='lat' dir='ltr'>euttcta</span> <span class='ocrx_word' id='word_1_111' title='bbox 605 2243 668 2300; x_wconf 86' lang='lat' dir='ltr'>Dei</span> <span class='ocrx_word' id='word_1_112' title='bbox 691 2242 878 2300; x_wconf 76' lang='lat' dir='ltr'>attributati</span> <span class='ocrx_word' id='word_1_113' title='bbox 900 2240 1052 2316; x_wconf 85' lang='lat' dir='ltr'>diajunota</span> <span class='ocrx_word' id='word_1_114' title='bbox 1069 2220 1187 2316; x_wconf 64' lang='lat' dir='ltr'>careni,</span> <span class='ocrx_word' id='word_1_115' title='bbox 1209 2263 1277 2302; x_wconf 88' lang='lat' dir='ltr'>num</span> 
     </span>
     <span class='ocr_line' id='line_1_18' title="bbox 330 2335 892 2416; baseline -0.014 -14"><span class='ocrx_word' id='word_1_116' title='bbox 330 2359 401 2402; x_wconf 75' lang='lat' dir='ltr'>veta</span> <span class='ocrx_word' id='word_1_117' title='bbox 420 2343 487 2400; x_wconf 83' lang='lat' dir='ltr'>veri</span> <span class='ocrx_word' id='word_1_118' title='bbox 504 2341 565 2398; x_wconf 88' lang='lat' dir='ltr'>Dei</span> <span class='ocrx_word' id='word_1_119' title='bbox 590 2340 658 2397; x_wconf 86' lang='lat' dir='ltr'>idea</span> <span class='ocrx_word' id='word_1_120' title='bbox 682 2335 892 2416; x_wconf 72' lang='lat' dir='ltr'>permaneret?</span> 
     </span>
    </p>
   </div>
   <div class='ocr_carea' id='block_1_6' title="bbox 259 2456 1278 3031">
    <p class='ocr_par' dir='ltr' id='par_1_7' title="bbox 259 2456 1278 2846">
     <span class='ocr_line' id='line_1_19' title="bbox 259 2456 1276 2568; baseline -0.005 -23"><span class='ocrx_word' id='word_1_121' title='bbox 259 2489 293 2566; x_wconf 67' lang='grc' dir='ltr'>ι)</span> <span class='ocrx_word' id='word_1_122' title='bbox 319 2489 433 2566; x_wconf 37' lang='lat' dir='ltr'>‚Quill</span> <span class='ocrx_word' id='word_1_123' title='bbox 463 2488 546 2568; x_wconf 84' lang='lat' dir='ltr'>quod</span> <span class='ocrx_word' id='word_1_124' title='bbox 578 2456 628 2546; x_wconf 74' lang='lat' dir='ltr'>vel</span> <span class='ocrx_word' id='word_1_125' title='bbox 660 2483 851 2562; x_wconf 73' lang='lat' dir='ltr'>Augustiana</span> <span class='ocrx_word' id='word_1_126' title='bbox 886 2481 1049 2540; x_wconf 87' lang='lat' dir='ltr'>bominum</span> <span class='ocrx_word' id='word_1_127' title='bbox 1080 2482 1276 2559; x_wconf 82' lang='lat' dir='ltr'>quorumdam</span> 
     </span>
     <span class='ocr_line' id='line_1_20' title="bbox 330 2577 1277 2658; baseline -0.006 -18"><span class='ocrx_word' id='word_1_128' title='bbox 330 2585 517 2640; x_wconf 83' lang='lat' dir='ltr'>mentionem</span> <span class='ocrx_word' id='word_1_129' title='bbox 535 2583 662 2658; x_wconf 82' lang='lat' dir='ltr'>injecit,</span> <span class='ocrx_word' id='word_1_130' title='bbox 680 2579 735 2656; x_wconf 89' lang='lat' dir='ltr'>qui</span> <span class='ocrx_word' id='word_1_131' title='bbox 754 2598 822 2636; x_wconf 85' lang='lat' dir='ltr'>tanc</span> <span class='ocrx_word' id='word_1_132' title='bbox 841 2597 904 2634; x_wconf 88' lang='grc' dir='ltr'>ιιοιι</span> <span class='ocrx_word' id='word_1_133' title='bbox 924 2577 1022 2634; x_wconf 86' lang='lat' dir='ltr'>dicere</span> <span class='ocrx_word' id='word_1_134' title='bbox 1041 2579 1105 2634; x_wconf 85' lang='lat' dir='ltr'>auti</span> <span class='ocrx_word' id='word_1_135' title='bbox 1124 2596 1197 2638; x_wconf 86' lang='lat' dir='ltr'>aunt</span> <span class='ocrx_word' id='word_1_136' title='bbox 1221 2581 1277 2652; x_wconf 84' lang='lat' dir='ltr'>(ni-</span> 
     </span>
     <span class='ocr_line' id='line_1_21' title="bbox 331 2673 1276 2756; baseline -0.014 -20"><span class='ocrx_word' id='word_1_137' title='bbox 331 2679 458 2748; x_wconf 87' lang='lat' dir='ltr'>mirum,</span> <span class='ocrx_word' id='word_1_138' title='bbox 476 2677 630 2756; x_wconf 87' lang='lat' dir='ltr'>quomodo</span> <span class='ocrx_word' id='word_1_139' title='bbox 650 2673 858 2752; x_wconf 87' lang='lat' dir='ltr'>auperiotibua</span> <span class='ocrx_word' id='word_1_140' title='bbox 877 2673 1041 2750; x_wconf 84' lang='lat' dir='ltr'>aperitur)t</span> <span class='ocrx_word' id='word_1_141' title='bbox 1078 2675 1211 2743; x_wconf 81' lang='lat' dir='ltr'>„Deum</span> <span class='ocrx_word' id='word_1_142' title='bbox 1229 2679 1276 2732; x_wconf 68' lang='lat'>1³2.</span> 
     </span>
     <span class='ocr_line' id='line_1_22' title="bbox 332 2767 1278 2846; baseline -0.004 -16"><span class='ocrx_word' id='word_1_143' title='bbox 332 2789 409 2831; x_wconf 85' lang='lat' dir='ltr'>trem</span> <span class='ocrx_word' id='word_1_144' title='bbox 428 2793 490 2829; x_wconf 92' lang='lat' dir='ltr'>non</span> <span class='ocrx_word' id='word_1_145' title='bbox 508 2793 570 2829; x_wconf 86' lang='lat' dir='ltr'>eaae</span> <span class='ocrx_word' id='word_1_146' title='bbox 590 2771 830 2846; x_wconf 81' lang='lat' dir='ltr'>omnipotentem</span> <span class='ocrx_word' id='word_1_147' title='bbox 838 2774 861 2804; x_wconf 78' lang='lat'>‘⁶</span> <span class='ocrx_word' id='word_1_148' title='bbox 867 2806 879 2838; x_wconf 93' lang='lat'>,</span> <span class='ocrx_word' id='word_1_149' title='bbox 906 2767 958 2824; x_wconf 85' lang='lat' dir='ltr'>aeti</span> <span class='ocrx_word' id='word_1_150' title='bbox 975 2768 1009 2824; x_wconf 89' lang='lat' dir='ltr'>in</span> <span class='ocrx_word' id='word_1_151' title='bbox 1027 2768 1091 2826; x_wconf 84' lang='lat' dir='ltr'>attia</span> <span class='ocrx_word' id='word_1_152' title='bbox 1110 2768 1278 2829; x_wconf 81' lang='lat' dir='ltr'>traditioni·</span> 
     </span>
    </p>

    <p class='ocr_par' dir='ltr' id='par_1_8' title="bbox 270 2857 1278 3030">
     <span class='ocr_line' id='line_1_23' title="bbox 270 2857 1278 2946; baseline -0.005 -21"><span class='ocrx_word' id='word_1_153' title='bbox 270 2857 272 2863; x_wconf 28' lang='lat'>⁸</span> <span class='ocrx_word' id='word_1_154' title='bbox 332 2867 389 2926; x_wconf 89' lang='lat' dir='ltr'>bue</span> <span class='ocrx_word' id='word_1_155' title='bbox 407 2868 467 2925; x_wconf 86' lang='lat' dir='ltr'>hoo</span> <span class='ocrx_word' id='word_1_156' title='bbox 484 2868 593 2924; x_wconf 80' lang='lat' dir='ltr'>sentire</span> <span class='ocrx_word' id='word_1_157' title='bbox 612 2882 642 2922; x_wconf 91' lang='lat' dir='ltr'>et</span> <span class='ocrx_word' id='word_1_158' title='bbox 660 2865 778 2923; x_wconf 85' lang='lat' dir='ltr'>credere</span> <span class='ocrx_word' id='word_1_159' title='bbox 796 2863 1058 2924; x_wconf 74' lang='lat' dir='ltr'>convincerentur.</span> <span class='ocrx_word' id='word_1_160' title='bbox 1079 2867 1163 2946; x_wconf 80' lang='lat' dir='ltr'>Lege</span> <span class='ocrx_word' id='word_1_161' title='bbox 1181 2867 1278 2944; x_wconf 72' lang='lat' dir='ltr'>capii</span> 
     </span>
     <span class='ocr_line' id='line_1_24' title="bbox 332 2959 822 3031; baseline -0.004 -11"><span class='ocrx_word' id='word_1_162' title='bbox 332 2961 437 3031; x_wconf 86' lang='lat' dir='ltr'>libri,</span> <span class='ocrx_word' id='word_1_163' title='bbox 441 2962 495 3030; x_wconf 86' lang='lat' dir='ltr'>,de</span> <span class='ocrx_word' id='word_1_164' title='bbox 513 2962 570 3018; x_wconf 82' lang='lat' dir='ltr'>fide</span> <span class='ocrx_word' id='word_1_165' title='bbox 587 2975 618 3017; x_wconf 89' lang='lat' dir='ltr'>et</span> <span class='ocrx_word' id='word_1_166' title='bbox 629 2959 822 3030; x_wconf 35' lang='lat' dir='ltr'>Qaymbolo‘</span> 
     </span>
    </p>
   </div>
   <div class='ocr_carea' id='block_1_7' title="bbox 139 3101 1281 4135">
    <p class='ocr_par' dir='ltr' id='par_1_9' title="bbox 139 3101 1279 3752">
     <span class='ocr_line' id='line_1_25' title="bbox 139 3101 1279 3184; baseline -0.003 -16"><span class='ocrx_word' id='word_1_167' title='bbox 139 3125 143 3132; x_wconf 89' lang='grc'><strong>’</strong></span> <span class='ocrx_word' id='word_1_168' title='bbox 263 3108 297 3184; x_wconf 74' lang='lat'>2)</span> <span class='ocrx_word' id='word_1_169' title='bbox 332 3103 495 3168; x_wconf 85' lang='lat' dir='ltr'>Vetiaaime</span> <span class='ocrx_word' id='word_1_170' title='bbox 514 3101 671 3162; x_wconf 80' lang='lat' dir='ltr'>contendit</span> <span class='ocrx_word' id='word_1_171' title='bbox 688 3104 897 3182; x_wconf 80' lang='lat' dir='ltr'>Augurtinna,</span> <span class='ocrx_word' id='word_1_172' title='bbox 914 3105 949 3162; x_wconf 90' lang='lat' dir='ltr'>in</span> <span class='ocrx_word' id='word_1_173' title='bbox 967 3121 1029 3184; x_wconf 78' lang='lat' dir='ltr'>quo</span> <span class='ocrx_word' id='word_1_174' title='bbox 1046 3103 1067 3180; x_wconf 82' lang='grc' dir='ltr'><em>ἤ</em></span> <span class='ocrx_word' id='word_1_175' title='bbox 1082 3104 1179 3182; x_wconf 67' lang='grc' dir='ltr'>γνῶσις</span> <span class='ocrx_word' id='word_1_176' title='bbox 1202 3108 1239 3182; x_wconf 83' lang='lat' dir='ltr'>(i.</span> <span class='ocrx_word' id='word_1_177' title='bbox 1255 3126 1279 3165; x_wconf 78' lang='lat' dir='ltr'>r·</span> 
     </span>
     <span class='ocr_line' id='line_1_26' title="bbox 296 3199 1279 3278; baseline 0 -21"><span class='ocrx_word' id='word_1_178' title='bbox 296 3199 571 3269; x_wconf 77' lang='lat' dir='ltr'>intellectualia,</span> <span class='ocrx_word' id='word_1_179' title='bbox 599 3219 689 3277; x_wconf 84' lang='lat' dir='ltr'>quem</span> <span class='ocrx_word' id='word_1_180' title='bbox 713 3213 842 3269; x_wconf 86' lang='lat' dir='ltr'>vocant,</span> <span class='ocrx_word' id='word_1_181' title='bbox 867 3219 900 3258; x_wconf 85' lang='lat' dir='ltr'>ae</span> <span class='ocrx_word' id='word_1_182' title='bbox 921 3201 1072 3278; x_wconf 81' lang='lat' dir='ltr'>profunda</span> <span class='ocrx_word' id='word_1_183' title='bbox 1096 3202 1279 3260; x_wconf 85' lang='lat' dir='ltr'>Chriatienae</span> 
     </span>
     <span class='ocr_line' id='line_1_27' title="bbox 333 3291 1279 3376; baseline -0.003 -22"><span class='ocrx_word' id='word_1_184' title='bbox 333 3294 496 3376; x_wconf 79' lang='lat' dir='ltr'>religionia</span> <span class='ocrx_word' id='word_1_185' title='bbox 513 3295 676 3374; x_wconf 79' lang='lat' dir='ltr'>cognitio,)</span> <span class='ocrx_word' id='word_1_186' title='bbox 697 3309 727 3356; x_wconf 87' lang='lat' dir='ltr'>at</span> <span class='ocrx_word' id='word_1_187' title='bbox 744 3317 761 3366; x_wconf 85' lang='grc' dir='ltr'><em>η</em></span> <span class='ocrx_word' id='word_1_188' title='bbox 781 3301 863 3368; x_wconf 76' lang='grc' dir='ltr'><strong><em>σοφία</em></strong></span> <span class='ocrx_word' id='word_1_189' title='bbox 882 3297 1055 3374; x_wconf 82' lang='lat' dir='ltr'>(rapientia,</span> <span class='ocrx_word' id='word_1_190' title='bbox 1070 3317 1160 3374; x_wconf 86' lang='lat' dir='ltr'>quam</span> <span class='ocrx_word' id='word_1_191' title='bbox 1172 3291 1279 3354; x_wconf 82' lang='lat' dir='ltr'>dieunt</span> 
     </span>
     <span class='ocr_line' id='line_1_28' title="bbox 333 3391 1278 3474; baseline -0.001 -27"><span class='ocrx_word' id='word_1_192' title='bbox 333 3392 524 3474; x_wconf 55' lang='lat' dir='ltr'>practicam)</span> <span class='ocrx_word' id='word_1_193' title='bbox 544 3391 665 3468; x_wconf 79' lang='lat' dir='ltr'>egregie</span> <span class='ocrx_word' id='word_1_194' title='bbox 684 3391 881 3463; x_wconf 81' lang='lat' dir='ltr'>conjunctaee</span> <span class='ocrx_word' id='word_1_195' title='bbox 917 3393 1064 3469; x_wconf 85' lang='lat' dir='ltr'>„optime</span> <span class='ocrx_word' id='word_1_196' title='bbox 1084 3393 1119 3450; x_wconf 85' lang='lat' dir='ltr'>de</span> <span class='ocrx_word' id='word_1_197' title='bbox 1135 3393 1204 3451; x_wconf 91' lang='lat' dir='ltr'>Deo</span> <span class='ocrx_word' id='word_1_198' title='bbox 1221 3391 1278 3450; x_wconf 84' lang='lat' dir='ltr'>exi·</span> 
     </span>
     <span class='ocr_line' id='line_1_29' title="bbox 336 3484 1279 3566; baseline -0.002 -22"><span class='ocrx_word' id='word_1_199' title='bbox 336 3485 457 3544; x_wconf 83' lang='lat' dir='ltr'>ttimete</span> <span class='ocrx_word' id='word_1_200' title='bbox 484 3484 679 3543; x_wconf 71' lang='lat' dir='ltr'>verissimum</span> <span class='ocrx_word' id='word_1_201' title='bbox 698 3503 742 3544; x_wconf 86' lang='lat' dir='ltr'>eat</span> <span class='ocrx_word' id='word_1_202' title='bbox 760 3487 888 3564; x_wconf 85' lang='lat' dir='ltr'>&#39;pictatia</span> <span class='ocrx_word' id='word_1_203' title='bbox 912 3485 1100 3556; x_wconf 77' lang='lat' dir='ltr'>exordium.¹</span> <span class='ocrx_word' id='word_1_204' title='bbox 1117 3488 1183 3545; x_wconf 88' lang='lat' dir='ltr'>Nec</span> <span class='ocrx_word' id='word_1_205' title='bbox 1201 3485 1279 3566; x_wconf 83' lang='lat' dir='ltr'>quia·</span> 
     </span>
     <span class='ocr_line' id='line_1_30' title="bbox 335 3577 1278 3660; baseline 0.003 -25"><span class='ocrx_word' id='word_1_206' title='bbox 335 3599 426 3659; x_wconf 77' lang='lat' dir='ltr'>queam</span> <span class='ocrx_word' id='word_1_207' title='bbox 442 3577 481 3644; x_wconf 85' lang='lat' dir='ltr'>¹tle</span> <span class='ocrx_word' id='word_1_208' title='bbox 499 3577 558 3636; x_wconf 91' lang='lat' dir='ltr'>illo</span> <span class='ocrx_word' id='word_1_209' title='bbox 576 3582 689 3657; x_wconf 87' lang='lat' dir='ltr'>optime</span> <span class='ocrx_word' id='word_1_210' title='bbox 708 3582 882 3652; x_wconf 84' lang='lat' dir='ltr'>exierimat,</span> <span class='ocrx_word' id='word_1_211' title='bbox 900 3581 955 3660; x_wconf 82' lang='lat' dir='ltr'>qui</span> <span class='ocrx_word' id='word_1_212' title='bbox 973 3601 1035 3638; x_wconf 90' lang='lat' dir='ltr'>non</span> <span class='ocrx_word' id='word_1_213' title='bbox 1054 3602 1124 3639; x_wconf 91' lang='lat' dir='ltr'>eum</span> <span class='ocrx_word' id='word_1_214' title='bbox 1143 3583 1278 3659; x_wconf 89' lang='lat' dir='ltr'>omnipo·</span> 
     </span>
     <span class='ocr_line' id='line_1_31' title="bbox 335 3672 1279 3752; baseline -0.002 -18"><span class='ocrx_word' id='word_1_215' title='bbox 335 3691 450 3734; x_wconf 82' lang='lat' dir='ltr'>tentem</span> <span class='ocrx_word' id='word_1_216' title='bbox 467 3690 556 3751; x_wconf 87' lang='lat' dir='ltr'>atque</span> <span class='ocrx_word' id='word_1_217' title='bbox 575 3693 611 3732; x_wconf 81' lang='lat' dir='ltr'>ex</span> <span class='ocrx_word' id='word_1_218' title='bbox 629 3673 714 3731; x_wconf 85' lang='lat' dir='ltr'>nulla</span> <span class='ocrx_word' id='word_1_219' title='bbox 732 3672 881 3752; x_wconf 84' lang='lat' dir='ltr'>particula</span> <span class='ocrx_word' id='word_1_220' title='bbox 903 3675 1151 3736; x_wconf 82' lang='lat' dir='ltr'>commutabilem</span> <span class='ocrx_word' id='word_1_221' title='bbox 1175 3677 1279 3744; x_wconf 81' lang='lat' dir='ltr'>credit,</span> 
     </span>
    </p>

    <p class='ocr_par' dir='ltr' id='par_1_10' title="bbox 243 3769 1281 4135">
     <span class='ocr_line' id='line_1_32' title="bbox 243 3769 1278 3853; baseline -0.001 -24"><span class='ocrx_word' id='word_1_222' title='bbox 243 3785 246 3792; x_wconf 88' lang='grc'><strong><em>·</em></strong></span> <span class='ocrx_word' id='word_1_223' title='bbox 335 3769 487 3829; x_wconf 77' lang='lat' dir='ltr'>bonorum</span> <span class='ocrx_word' id='word_1_224' title='bbox 516 3769 606 3826; x_wconf 86' lang='lat' dir='ltr'>etiam</span> <span class='ocrx_word' id='word_1_225' title='bbox 632 3770 771 3827; x_wconf 84' lang='lat' dir='ltr'>omnium</span> <span class='ocrx_word' id='word_1_226' title='bbox 796 3786 978 3841; x_wconf 83' lang='lat' dir='ltr'>creatorem,</span> <span class='ocrx_word' id='word_1_227' title='bbox 1008 3769 1119 3850; x_wconf 82' lang='lat' dir='ltr'>quibua</span> <span class='ocrx_word' id='word_1_228' title='bbox 1149 3771 1278 3853; x_wconf 75' lang='lat' dir='ltr'>antipae</span> 
     </span>
     <span class='ocr_line' id='line_1_33' title="bbox 335 3865 1281 3946; baseline 0 -24"><span class='ocrx_word' id='word_1_229' title='bbox 335 3865 552 3946; x_wconf 73' lang='lat' dir='ltr'>praestantior,</span> <span class='ocrx_word' id='word_1_230' title='bbox 569 3880 715 3922; x_wconf 83' lang='lat' dir='ltr'>rectorem</span> <span class='ocrx_word' id='word_1_231' title='bbox 734 3883 855 3942; x_wconf 76' lang='lat' dir='ltr'>quoque</span> <span class='ocrx_word' id='word_1_232' title='bbox 873 3865 1076 3941; x_wconf 82' lang='lat' dir='ltr'>jaatiaaimum</span> <span class='ocrx_word' id='word_1_233' title='bbox 1094 3885 1200 3924; x_wconf 84' lang='lat' dir='ltr'>eorum</span> <span class='ocrx_word' id='word_1_234' title='bbox 1220 3883 1281 3928; x_wconf 87' lang='lat' dir='ltr'>om·</span> 
     </span>
     <span class='ocr_line' id='line_1_34' title="bbox 335 3958 1278 4036; baseline -0.006 -18"><span class='ocrx_word' id='word_1_235' title='bbox 335 3962 444 4028; x_wconf 83' lang='lat' dir='ltr'>nium,</span> <span class='ocrx_word' id='word_1_236' title='bbox 463 3979 537 4036; x_wconf 86' lang='lat' dir='ltr'>quae</span> <span class='ocrx_word' id='word_1_237' title='bbox 556 3961 687 4034; x_wconf 65' lang='lat' dir='ltr'>meavit,</span> <span class='ocrx_word' id='word_1_238' title='bbox 712 3981 767 4017; x_wconf 87' lang='lat' dir='ltr'>nec</span> <span class='ocrx_word' id='word_1_239' title='bbox 787 3958 851 4017; x_wconf 89' lang='lat' dir='ltr'>ulla</span> <span class='ocrx_word' id='word_1_240' title='bbox 869 3959 1008 4036; x_wconf 82' lang='lat' dir='ltr'>adjutum</span> <span class='ocrx_word' id='word_1_241' title='bbox 1027 3979 1088 4017; x_wconf 89' lang='lat' dir='ltr'>eeee</span> <span class='ocrx_word' id='word_1_242' title='bbox 1106 3959 1231 4016; x_wconf 81' lang='lat' dir='ltr'>materia</span> <span class='ocrx_word' id='word_1_243' title='bbox 1248 3959 1278 4016; x_wconf 88' lang='lat' dir='ltr'>iu</span> 
     </span>
     <span class='ocr_line' id='line_1_35' title="bbox 338 4052 1277 4135; baseline -0.003 -22"><span class='ocrx_word' id='word_1_244' title='bbox 338 4053 511 4116; x_wconf 67' lang='lat' dir='ltr'>mamae‘t</span> <span class='ocrx_word' id='word_1_245' title='bbox 562 4053 623 4116; x_wconf 79' lang='lat' dir='ltr'>adi</span> <span class='ocrx_word' id='word_1_246' title='bbox 639 4055 739 4114; x_wconf 82' lang='lat' dir='ltr'>¹aotlea</span> <span class='ocrx_word' id='word_1_247' title='bbox 768 4053 943 4135; x_wconf 81' lang='lat' dir='ltr'>antiptionit</span> <span class='ocrx_word' id='word_1_248' title='bbox 969 4055 1005 4116; x_wconf 82' lang='lat' dir='ltr'>tle</span> <span class='ocrx_word' id='word_1_249' title='bbox 1033 4053 1132 4117; x_wconf 80' lang='lat' dir='ltr'>libera</span> <span class='ocrx_word' id='word_1_250' title='bbox 1155 4052 1277 4113; x_wconf 80' lang='lat' dir='ltr'>arbitrio</span> 
     </span>
    </p>
   </div>
   <div class='ocr_carea' id='block_1_8' title="bbox 0 0 1328 4568">
    <p class='ocr_par' dir='ltr' id='par_1_11' title="bbox 0 0 1328 4568">
     <span class='ocr_line' id='line_1_36' title="bbox 0 0 1328 4568; baseline 0 0"><span class='ocrx_word' id='word_1_251' title='bbox 0 0 1328 4568; x_wconf 95' lang='lat' dir='ltr'> </span> 
     </span>
    </p>
   </div>
  </div>
 </body>
</html>
