2642 4568
440 277 449 292 ”
564 301 672 378 ιι,

83 458 188 527 teriae
206 469 329 526 motum
342 458 492 526 statuisse
505 459 719 529 inconditum.
748 460 839 530 Hine
853 461 1090 548 Tertullianus,
1178 499 1187 514 e

84 576 187 645 sicuti
199 577 349 667 adauges
361 577 546 645 adversario
559 581 802 670 exprobrandas
811 583 1008 673 propensior
1024 594 1087 666 ast,

84 687 133 764 ita
158 695 332 774 ἀντίθεσιν
346 696 488 786 aliquam
506 697 592 764 inter
612 698 686 764 illas
704 699 852 785 ejusdem
872 724 972 768 voees
992 725 1088 793 repe·

84 816 175 890 risse
191 813 257 880 sibi
271 813 411 896 videtur,
425 814 587 911 (locandos
609 813 676 902 „Si
684 819 829 908 aequalia
835 821 991 887 momenti
997 827 1089 910 (sup-

85 934 207 1026 plens:
226 942 335 998 motus
355 932 438 1025 est,)
453 934 522 1021 jam
541 943 609 1001 nori
637 937 806 1023 turbidus,
830 963 893 1005 nee
923 937 1088 1004 cacabaci-
1169 931 1171 938 ¹

81 1051 187 1143 us1)‚
212 1050 492 1143 sed'conapositus
510 1064 543 1120 et
560 1064 772 1144 temperatus,
795 1057 935 1141 seilicet,
965 1055 1021 1147 qui
1038 1055 1088 1122 in·

80 1149 279 1242 terbonunr
298 1180 332 1236 et
345 1171 466 1246 malum
485 1196 546 1240 auo
565 1172 698 1240 arbitrio
718 1175 869 1266 agitatus,
890 1174 925 1240 in
939 1185 1087 1244 neutram

84 1304 196 1360 tamen
205 1301 329 1381 partem
346 1313 469 1379 pronus
485 1300 519 1357 et
536 1315 709 1383 praeceps,
722 1294 861 1379 mediae,
876 1293 965 1386 qnod
984 1291 1086 1379 ajunt,

82 1412 199 1530 aginae
222 1408 434 1498 aequilibrato
447 1406 572 1498 impetu
586 1415 621 1495 2)
647 1411 825 1480 ferebatur.
855 1450 897 1466 ·-·
931 1412 1036 1478 Plane
1058 1409 1088 1478 si
1153 1391 1155 1406 „

83 1524 117 1598 in
139 1531 279 1603 alterum
301 1528 404 1618 magis
425 1511 637 1618 proclinaret,
664 1542 742 1597 tune
763 1531 1028 1599 inconcinnitatis
1052 1539 1087 1598 et

83 1647 323 1752 inaequalitatis
366 1657 400 1712 et
430 1647 649 1712 turbulentiae
678 1649 826 1716 denotari
856 1649 932 1742 (=
950 1650 1086 1717 istarum

85 1768 276 1861 qualitatum
295 1775 373 1831 nota
393 1763 605 1858 significab)
622 1766 806 1840 deberet“.
829 1765 900 1836 Set
923 1793 992 1836 non
1016 1780 1086 1837 erat

89 1971 299 1998 .........-
720 1909 727 1976 l

153 2126 278 2190 quentar
311 2107 455 2166 occurrite
489 2105 588 2168 veluti
611 2111 690 2187 apud
713 2109 850 2175 Plautum
874 2115 917 2174 1v
941 2111 1011 2171 tut.
1035 2126 1085 2172 toa

153 2226 223 2277 „ree
243 2203 300 2261 tibi
317 2218 347 2260 et
367 2219 471 2282 gnatae
489 2220 555 2262 tuae
574 2205 646 2261 bena
664 2205 850 2282 feliciterque
868 2198 1000 2266 vortat“
1034 2210 1086 2264 At·

153 2316 253 2358 tamen
279 2297 407 2354 externit
430 2298 655 2354 auctoritatibus
681 2299 794 2357 criticia
818 2320 913 2375 neque
930 2302 970 2357 iia
989 2300 1085 2375 deopi-

153 2391 267 2451 ciendia
290 2391 381 2448 lectio
413 2393 573 2469 „vergit“
601 2391 777 2448 defenditur.
805 2420 842 2437 -
868 2395 1085 2480 Aptehcredo,

153 2487 232 2545 aliua
251 2507 287 2543 ex
305 2509 367 2565 cap.
385 2489 456 2546 XLI
476 2487 557 2544 edv'r.
574 2489 697 2562 Hermg.
714 2485 766 2540 hie
783 2487 891 2552 citatur
913 2487 997 2546 locor
1014 2489 1084 2543 Ter·

151 2581 294 2641 tulliauia
335 2583 391 2652 „ai
413 2601 509 2658 neque
540 2579 577 2636 ad
607 2579 739 2648 bonum,
776 2566 871 2656 neque
903 2581 940 2638 ad
970 2579 1084 2640 malum

151 2677 278 2753 pronior
301 2694 362 2735 erat
385 2694 505 2746 motui,
543 2675 647 2751 utique
679 2674 758 2732 inter
780 2675 894 2732 bouum
919 2690 949 2732 et
970 2673 1085 2732 malum

152 2771 330 2850 agebatur“.

87 2895 114 2966 ι)
146 2889 314 2967 Repetenda
342 2907 404 2946 vox
430 2905 473 2946 eat
500 2909 516 2944 a
541 2888 645 2945 cacabo
670 2889 790 2967 (graeco
814 2886 932 2960 κακᾶβφι
968 2886 1083 2964 amalfin,

151 2986 311 3060 κακκὰβῃ),
344 2983 425 3058 quod
451 3000 494 3041 eat
522 3003 573 3040 vac
605 2983 814 3058 coquinarium
852 2982 1018 3058 (quomodo
1042 2983 1086 3038 ait

152 3063 294 3144 Plinius).
333 3079 379 3132 Ex
402 3097 462 3153 quo
488 3077 669 3134 cacabacium
695 3076 884 3156 intelligatur
908 3097 1024 3135 neceate
1042 3093 1085 3134 eat
1126 3113 1139 3147 ,·

150 3167 200 3240 id,
227 3170 307 3247 quod
331 3170 484 3246 inaequale
509 3188 568 3242 eat,
603 3193 692 3249 aeque
710 3187 796 3286 atqua
820 3173 854 3226 in
878 3171 956 3228 varia
981 3169 1085 3276 coqui-

153 3264 245 3322 u'ariia
263 3266 380 3320 fervent
403 3285 487 3341 aqua.
598 3325 599 3330 ,

86 3387 117 3459 ι’)
148 3386 245 3463 Agina
269 3383 423 3444 Franciaco
442 3385 534 3447 Junio
552 3385 653 3459 judice
677 3383 712 3442 ab
745 3403 798 3440 acu
822 3383 963 3456 (coinel)
994 3383 1085 3439 dedu·

152 3479 253 3536 aenda.
286 3480 428 3536 Natiriuc
458 3500 529 3557 mea
552 3465 695 3554 opinione
719 3478 870 3536 derivatur
899 3477 934 3533 ab
959 3479 1085 3555 agendo,

153 3574 311 3648 forsanque
337 3573 464 3630 trutinae
488 3573 636 3651 lingulam
662 3588 763 3640 tonat,
788 3591 879 3647 quae,
898 3572 1084 3648 quandoqui-

151 3669 215 3726 dem
234 3659 568 3726 inforamine‘trutinae
592 3679 742 3735 vereatur,
771 3666 867 3721 media
891 3664 1088 3740 appellaretur

153 3759 276 3822 licebat.'
320 3754 424 3818 Fertur
453 3763 569 3839 aliquid
604 3764 706 3844 aginae
732 3758 927 3834 aequilibrato
956 3759 1088 3837 impetu5

154 3855 176 3914 i.
195 3876 220 3912 a.
244 3853 518 3934 (citravirnaginem
543 3854 775 3934 proverbialem)
794 3868 838 3910 eat
860 3851 976 3929 aliquid
1000 3873 1088 3914 motu

158 3948 367 4026 aequilibrato·
426 3953 497 4010 Nou
515 3951 587 4008 latet
611 3970 677 4021 me,
707 3938 851 4026 scriptura
874 3965 984 4026 exarare
1008 3951 1088 4029 apud
1130 3941 1134 3946 ¹
