2642 4568
728 375 778 464 18

250 537 328 636 num
337 565 369 658 1)
385 537 570 656 oportuisse
587 554 695 623 omnia
709 552 749 618 nb
764 573 804 617 co
816 529 909 616 ‘bena
921 559 1018 640 atque
1036 549 1158 638 optima
1170 549 1258 634 lieri.

251 686 383 778 Quodsi
403 684 488 750 mala
508 684 684 747 occursent
699 672 734 736 in
757 669 934 754 universo,
955 672 1036 739 lraec
1057 668 1171 758 utique
1189 693 1262 736 non

252 805 386 874 arbitrio
422 791 583 902 (sdloulof)
605 789 742 882 Domini
755 788 860 873 iacta,
880 788 980 853 immo
999 810 1078 853 vero
1094 787 1264 853 credenda

254 951 330 992 osse
356 947 398 989 ex
417 918 497 986 vitio
518 915 551 1008 2)
577 911 715 998 alicujus
738 908 788 973 rei
813 909 919 1003 iacta,
960 927 1003 971 ex
1029 907 1164 972 muteris
1182 931 1263 974 esse

192 1017 198 1030 ,
255 1045 326 1112 sine
357 1037 486 1107 dubio“
509 1033 554 1131 3),
598 1032 649 1098 Ea
676 1027 806 1102 scilicet
835 1026 923 1109 sola,
954 1035 1109 1116 tunquam
1128 1025 1266 1094 tertium

255 1244 464 1269 Μ

322 1381 436 1442 malum
456 1397 554 1438 ortum
573 1379 632 1449 sit,
665 1375 781 1434 ostendi
800 1389 935 1451 nequeat.
986 1369 1023 1433 Id
1040 1371 1196 1449 quodnon
1215 1373 1272 1440 ab(

277 1489 279 1496 '
323 1482 421 1540 soluts
440 1497 543 1536 verum
553 1514 563 1545 ‚
582 1472 823 1551 quandoquidem
841 1469 998 1548 religionis
1015 1469 1200 1524 Christianae
1217 1489 1267 1525 res

325 1575 378 1633 vel
402 1573 435 1630 in
453 1570 501 1628 his
523 1573 610 1627 terris
635 1568 671 1624 ab
691 1565 867 1630 hominibus
892 1561 928 1619 ed
951 1579 1062 1618 certum
1089 1583 1269 1640 usquegra.

327 1669 397 1727 dum
418 1667 560 1744 cognosci
578 1679 713 1741 possunt.
748 1661 834 1716 Fides
853 1655 1020 1712 Christiana
1038 1673 1096 1712 non
1115 1655 1214 1711 solum
1233 1649 1271 1712 'm'

325 1779 443 1821 assensu
462 1779 494 1814 ac
513 1757 621 1812 fiducia
640 1753 799 1821 consistit,
818 1749 869 1809 sed
887 1751 976 1806 etiam
994 1751 1027 1804 in
1046 1751 1231 1827 cognitione.

258 1857 289 1933 s)
324 1857 421 1914 Habes
444 1873 500 1929 pro
526 1871 600 1909 voce
625 1849 812 1925 „qualitus“
837 1847 915 1924 apud
931 1845 1112 1922 seprimium
1129 1845 1270 1905 conditio

326 1954 406 2025 (siv‘e
425 1966 527 2006 natura
546 1949 687 2016 iuterna).

257 2051 289 2124 2)
326 2043 484 2122 Quomodo
510 2059 546 2096 ex
565 2036 665 2096 vitio?
701 2053 882 2111 consequens
907 2034 1025 2091 docebit
1048 2029 1234 2110 disquisitio.

257 2181 290 2254 ὅ)
325 2167 466 2233 Formu'la
492 2165 611 2224 dicendi
637 2171 736 2235 ςοιχὲῒα
760 2163 807 2222 soii
828 2165 926 2237 κόσμου
951 2162 977 2219 si
1001 2161 1097 2240 prima
1121 2162 1270 2222 elementa

328 2264 441 2342 φυσικοὶ,
466 2265 544 2320 unde
568 2263 696 2318 mundus
723 2259 984 2334 composuissem,
1009 2256 1197 2334 intelligitur
1215 2263 1273 2331 (cl'.

326 2358 531 2421 Herodianum
552 2361 645 2425 1,12;
680 2351 872 2411 Plutarchum
892 2369 965 2410 torn.
983 2355 1012 2408 X
1034 2373 1100 2430 pag.
1124 2371 1170 2427 51,
1196 2358 1272 2414 edit.

326 2455 449 2527 Ham),
469 2452 542 2528 quin
562 2450 588 2508 si
607 2451 644 2506 de
660 2451 782 2506 materia
801 2447 1004 2505 universitatis
1023 2467 1121 2504 rerum
1140 2439 1286 2525 primur.=

312 2551 405 2620 'diali
424 2545 548 2621 (vocula
567 2565 610 2604 est
627 2541 794 2613 Ammiani)
813 2545 947 2618 capitur,
964 2529 1178 2618 Hermogenis,
1198 2547 1274 2603 dum

328 2641 482 2703 materiam
502 2639 652 2708 sumebat,
679 2636 763 2715 quasi
788 2644 842 2697 soie
867 2631 914 2696 soii
935 2629 1034 2707 κόσμου
1051 2643 1188 2706 στοιχείοις
1205 2639 1275 2696 dov-

330 2739 414 2798 ledor
437 2751 507 2794 eret.
547 2737 659 2794 Verum
679 2735 833 2790 enimvero
853 2731 1007 2789 contendit
1031 2750 1094 2806 cap.
1112 2732 1182 2789 ΧΗ.
1200 2731 1276 2792 libr.

331 2831 366 2890 de
388 2825 614 2909 praescription.
633 2829 744 2885 advers.
763 2824 902 2882 haeretic.
919 2824 1138 2882 Tertullianum
1163 2830 1274 2895 „Idem

331 2923 494 3004 Apostolus
516 2921 596 2992 (scil.
618 2921 737 2992 Paulus)
764 2942 854 2996 quum
875 2919 1021 2998 improbat
1039 2921 1194 2978 elementis
1213 2909 1276 2978 ser·

331 3019 461 3086 vientes,
480 3013 610 3091 aliquem
630 3017 848 3092 Hermogenem
869 3003 1015 3084 ostendit,
1035 3011 1099 3092 qui,
1118 3017 1275 3074 materiam

333 3129 392 3173 nott
410 3123 507 3168 natam
526 3105 737 3177 introducens,
762 3111 828 3166 Deo
848 3130 908 3166 non
933 3125 1001 3166 natu
1021 3127 1083 3166 eam
1104 3127 1276 3186 comparat,

333 3227 363 3267 et
380 3204 422 3265 itu
440 3219 561 3261 matrem
582 3203 795 3261 elementorum
813 3197 894 3262 de'am
915 3205 1036 3272 faciens,
1056 3215 1153 3279 potest
1168 3204 1276 3263 ei'ser.

333 3303 413 3370 vire,
431 3321 518 3377 quum
536 3301 602 3356 Deo
622 3307 809 3376 compat·st.“
843 3305 928 3356 Putnt
944 3297 1040 3376 igitur
1057 3297 1277 3370 Tertullis'nus,

333 3395 461 3454 Paulum
481 3393 600 3452 asseclas
619 3395 875 3469 Hermogenianae
907 3410 995 3470 snper
1020 3395 1141 3448 materia
1163 3395 1276 3451 doctri·

336 3510 390 3548 nae
421 3488 627 3568 impugnasse:
665 3489 774 3544 etenim
807 3507 941 3546 numerat
966 3485 998 3544 in
1023 3487 1216 3564 sequentibus
1244 3491 1277 3546 id

337 3585 519 3643 adulterinae
539 3584 688 3638 doctrinae
707 3603 799 3661 genus
818 3586 849 3637 in
870 3586 926 3653 iis,
958 3604 1028 3660 quas
1048 3575 1103 3638 snb'
1119 3587 1279 3660 Apostolis

338 3683 429 3738 luisse
448 3679 483 3734 ab
501 3675 575 3752 ipsis
595 3677 740 3733 discamus
753 3677 916 3754 Apostolis.
951 3681 989 3736 At
1002 3677 1088 3734 valde
1106 3695 1180 3735 errat
1194 3697 1279 3754 patet

337 3775 488 3841 ecclesiae,
506 3763 658 3848 propterea
679 3775 759 3848 quod
771 3774 900 3829 formula
914 3773 946 3832 cti
959 3779 1076 3844 στοιχεῖα
1091 3799 1116 3830 κ.
1125 3795 1148 3831 τ.
1155 3771 1179 3831 i..
1200 3773 1279 3850 apud

337 3869 464 3928 Paulum
489 3867 586 3944 signat
612 3863 783 3942 imperfecta
810 3867 969 3944 religionis
993 3869 1177 3936 rudimenta,
1204 3889 1281 3944 quse

339 3982 431 4043 genus
450 3961 613 4016 humanum
633 3974 661 4016 et
680 3962 799 4020 Gentile
819 3980 846 4020 et
865 3965 1009 4025 Judaeum
1036 3964 1151 4019 tenebat
1177 3966 1230 4036 (cf.
1250 3967 1280 4020 11

341 4056 457 4114 coloss.
473 4061 510 4126 8,
529 4059 674 4134 sto-21).
727 4059 799 4116 Inde
824 4051 854 4118 οἱ
870 4057 922 4118 v‘uo'
940 4057 974 4118 rui
990 4063 1089 4128 σοιχεῖα
1115 4055 1163 4116 τοῦ
1179 4057 1280 4132 κόσμου
