2642 4568
683 297 733 378 62
818 363 821 374 .

281 476 452 558 Attamen,
476 425 560 564 quae
580 477 724 536 extremo
743 475 844 533 uersu
866 458 1013 530 seeundo
1032 459 1217 552 deprehen·

208 600 330 672 duntur
350 595 481 690 (llllos.
501 591 636 681 cep.l)=
658 585 730 672 „Et
746 583 902 674 tenebrae
922 603 1023 672 super
1042 581 1213 672 abyssum,

166 749 168 756 ·
208 729 244 789 et
262 717 394 811 spiritus
402 713 468 780 Dei
482 733 583 801 super
590 731 691 798 aquas
706 704 900 772 serebatur“
913 697 1115 786 (versionem
1126 699 1214 793 Sep·

206 839 372 911 timiaurm
394 832 546 902 consulto
560 825 713 910 adhibeo,
730 845 772 892 ex
790 819 969 915 oap.XXX
982 818 1056 887 adv.
1067 819 1212 913 Hermp.

210 1016 421 1044 *ΡΨ-’-

157 1184 165 1202 r
277 1157 344 1216 sdr.
362 1155 504 1236 Hermg„
522 1146 657 1205 habitum
676 1137 865 1200 invisibilem
887 1135 1026 1196 materiae
1051 1159 1113 1197 non
1131 1161 1214 1198 com.

275 1250 408 1331 petiisse.
441 1228 585 1311 Videtur,
603 1241 630 1298 si
647 1239 748 1297 sudiss
765 1231 963 1313 Septimium,
1000 1234 1052 1308 (ef.
1070 1233 1129 1298 loc.
1148 1236 1220 1309 cit.)

275 1344 441 1404 haereticus
466 1338 617 1416 posuisse,
635 1332 735 1418 'nihil
765 1331 944 1408 quicquam,
966 1350 1003 1389 ne
1033 1327 1220 1391 elementum

278 1439 420 1520 quidem,
444 1432 604 1510 aliquando
630 1430 740 1498 fuisse,
764 1441 878 1504 praeter
891 1426 992 1496 Deum
1006 1439 1036 1482 et
1049 1427 1217 1488 materiam..

277 1540 343 1601 Jsm
363 1529 489 1588 declarat
507 1525 657 1604 presbyter
675 1519 944 1600 Carthaginiensis:
981 1520 1038 1589 „si
1055 1522 1134 1578 nudi
1152 1544 1217 1580 me·

275 1631 349 1692 reris
367 1631 433 1684 Deo
452 1617 637 1695 subjacebat,
655 1613 743 1670 nullo
761 1611 876 1673 scilicet
887 1614 1035 1673 elemento
1048 1613 1222 1676 obstruente

278 1728 314 1802 (i.
347 1743 373 1780 e.
403 1715 555 1795 quomodo
587 1711 666 1789 apud
684 1710 873 1781 ,Ciceronem
905 1729 1026 1786 quoque
1055 1713 1135 1771 Aret.
1164 1721 1221 1788 440.

279 1815 506 1894 „officiente“,
531 1826 606 1884 quae
631 1825 690 1864 vox
713 1804 747 1859 ir
770 1802 841 1862 libr.
858 1805 895 1862 V.
914 1803 1019 1877 qusseli⁴
1035 1803 1165 1869 'TuscuL
1181 1821 1222 1879 3²

278 1914 404 1992 tegitur)
421 1904 509 1951 -'-·
527 1903 631 1979 utique
650 1896 811 1957 invifibilis
829 1897 882 1952 elle
900 1914 961 1974 nrm¹
979 1911 1103 1971 poterat·
1139 1900 1221 1974 Quis

280 2011 331 2069 etli
349 2001 481 2062 tenebras
492 1996 583 2074 ¹volet
601 1995 651 2066 (Ic.
675 1991 890 2066 Hermogenes)
909 1989 942 2044 in
960 1989 1114 2056 substantie
1130 1993 1219 2052 inille

279 2100 429 2165 materiae,
447 2093 534 2150 etiam
546 2086 666 2146 homini
680 2084 813 2142 tenebrae
825 2082 955 2141 visibiles
970 2087 1035 2140 sunt
1048 2085 1121 2155 (hoo
1134 2089 1219 2144 enim

278 2196 388 2274 ipsunt,
407 2189 569 2269 quodsum
587 2181 733 2249 tenebrae,
744 2179 890 2246 videtur‚)
904 2177 1013 2232 nedum
1022 2181 1122 2238 Deo“.
1140 2183 1222 2239 Item

278 2311 385 2372 quum,
404 2287 450 2370 uti
460 2284 578 2362 opinor,
592 2277 710 2343 constet,
738 2275 831 2352 ipsam
855 2273 994 2331 materiae
1015 2288 1148 2330 naturum
1168 2295 1223 2334 ω.

279 2384 385 2468 gnossi
402 2401 463 2440 non
487 2377 631 2455 porcille,
648 2371 675 2426 si
692 2368 813 2425 materis
833 2365 964 2424 absolute
989 2367 1153 2424 invifibilis
1167 2391 1224 2427 ex.

279 2482 409 2545 ditisset,
440 2471 644 2532 Tertullianus
672 2469 739 2542 jure
769 2462 898 2542 quodam
921 2463 973 2517 suo
1003 2459 1221 2543 interrogavite

281 2575 383 2648 „unde
393 2583 561 2645 compertus
569 2567 602 2620 lit
609 2567 658 2636 (z
676 2557 870 2635 compererit3
886 2554 981 2608 utitur
994 2554 1139 2613 nimirum
1146 2561 1222 2616 Ter.

281 2668 427 2728 rullianus
446 2683 537 2740 seque
560 2675 646 2734 atque
664 2653 819 2712 Sallustius
840 2650 874 2706 iu
889 2648 1038 2726 Jugurtbe
1058 2657 1108 2718 toss
1127 2653 1221 2712 mbo

281 2761 442 2841 deponenti
466 2753 639 2832 comperiri,
657 2767 783 2826 suntque
801 2743 887 2824 plura
905 2745 970 2818 ejus
987 2747 1102 2822 generis
1121 2766 1224 2804 exem·

281 2857 333 2938 pla
349 2875 402 2936 per
419 2857 542 2910 Beatum
563 2850 754 2914 libertanum,
780 2839 881 2901 vitum
901 2837 1096 2917 diligentem,
1118 2842 1155 2897 ad
1168 2841 1224 2902 lo·

186 2947 189 2950 ’
282 2971 352 3011 cum
377 2965 512 3006 nostrum
537 2945 732 3020 coacervat&
756 2941 975 3014 Hermogenes,
1004 2935 1165 2992 informem
1190 2953 1223 2995 et

284 3047 433 3104 contusam
453 3040 604 3096 materiem
623 3037 713 3092 fuisse
730 3063 760 3078 -
781 3061 835 3101 -,
870 3047 919 3088 sut
937 3031 963 3087 si
981 3030 1039 3085 boc
1057 3050 1072 3086 a
1089 3031 1156 3086 Deo
1175 3049 1222 3086 re·

280 3140 415 3200 velatum
439 3136 490 3204 sit,
514 3131 637 3211 probare
662 3127 835 3185 debuisse“.
895 3127 1043 3180 Praeterea
1066 3125 1221 3182 ostendere

282 3235 404 3316 quidem
424 3244 545 3284 conatus
563 3239 606 3280 est
622 3221 824 3280 Tertullianus
847 3239 909 3298 esp.
927 3221 1087 3276 XXXVIII
1106 3217 1222 3276 advers.

281 3331 444 3405 Hermog„
480 3335 625 3379 aeternam
662 3315 815 3372 materiem
855 3315 951 3370 rudem
984 3311 1128 3388 appellari
1157 3330 1221 3367 non

282 3441 385 3506 posses
404 3417 453 3476 ssd
471 3415 610 3494 quonium
630 3413 663 3468 in
681 3414 739 3468 hoc
755 3423 888 3484 respectu
901 3399 1013 3464 'omnem
1031 3426 1091 3462 rem
1112 3423 1165 3460 scu
1177 3421 1221 3462 ts·
1310 3449 1311 3468 ,

283 3519 399 3598 dgitse,
417 3514 463 3570 uti
477 3515 572 3586 ajunt,
584 3526 646 3563 non
662 3503 792 3570 videtne,
810 3500 974 3578 praeplacet
989 3499 1219 3578 argumentatio-

282 3633 352 3670 nem
375 3609 466 3688 patris
493 3605 640 3664 omittere.
692 3598 837 3674 Equidem
863 3598 1022 3674 opinioni,
1057 3593 1218 3651 secundum

282 3727 370 3786 quam
385 3721 498 3763 aeterne
517 3704 603 3774 (quse
621 3693 819 3771 perhibeam)
836 3691 958 3776 materia
975 3691 1056 3745 rudis
1075 3707 1128 3756 est,
1147 3689 1218 3744 heac

283 3820 376 3880 peuce
388 3795 567 3871 objecerimt
587 3788 737 3878 Quicquid
751 3804 900 3844 aeternum
910 3802 952 3841 est
966 3797 1051 3864 (ergo
1069 3803 1159 3838 unum
1178 3797 1218 3839 ts·

176 3891 178 3898 ¹
283 3911 335 3954 rtet
352 3890 525 3950 attributum
544 3886 701 3951 divinum,
720 3901 847 3958 quocum
870 3880 1005 3955 reliqua,
1030 3876 1217 3953 qttentedmo·

284 3988 355 4052 dnm
368 4003 454 4062 supra
468 3983 596 4048 dictum,
606 3995 674 4037 sunt
691 3976 854 4054 copulata,>
862 3975 1023 4054 perlectum
1038 3973 1077 4029 sit
1092 3985 1214 4048 oportere
