2642 4568
610 379 614 386 ’
708 379 760 460 36

222 557 352 652 scripti·
370 553 468 623 modo
490 549 615 643 citati),
636 547 715 615 item
736 544 897 631 „salvum
916 542 992 608 lieo
1013 561 1108 642 esse,
1135 553 1173 608 nt
1195 553 1239 596 4-

131 767 135 778 t
230 680 357 778 primns
382 674 456 741 eit“
488 671 575 762 (esp.
597 665 652 735 vl
671 665 823 751 ibidem),
841 671 1002 752 potestate
1021 659 1179 728 videlieet
1192 667 1240 748 1).

138 775 142 783 i
198 843 201 850 ·
234 799 337 892 Quod
359 791 535 887 placitum,
569 785 696 854 etiamsi
719 783 953 872 Hermogenes
977 780 1012 846 in
1033 802 1074 845 eo
1095 779 1159 846 sibi
1180 803 1241 872 pa.

216 909 307 1001 ‘rum
328 911 493 994 constitit,
522 919 631 975 tamen
649 903 808 993 religioso
821 899 964 968 hominis
985 900 1099 966 sensui
1118 901 1242 968 honori

234 1035 421 1110 ducendum
441 1038 503 1096 est.
557 1023 874 1094 AdTertnllisrmm
898 1019 988 1111 quod
1011 1019 1144 1102 attinet,
1165 1043 1243 1086 mo.

235 1169 293 1227 net
329 1161 442 1220 contre
468 1145 553 1213 illud
580 1143 717 1236 pictoris
744 1150 971 1231 argumentum
998 1162 1071 1229 esp.
1093 1135 1164 1205 vll
1184 1138 1244 1205 ad.

234 1298 351 1346 versus
365 1272 530 1358 Hermog.
551 1287 669 1354 reapse
696 1257 944 1353 philosophieet
993 1281 1096 1339 „non
1117 1277 1242 1349 erpere

240 1503 446 1529 -n-—a-C

302 1633 494 1718 riam'aeque
519 1653 606 1714 etque
629 1636 729 1691 Deum
751 1644 919 1700 aeternam,
937 1649 1033 1706 neque
1057 1628 1123 1688 ullo
1148 1631 1244 1692 modo

302 1755 440 1816 supremo
450 1724 952 1803 Numinisubjectamstatuebant“.
970 1725 1106 1802 Namque
1115 1729 1246 1787 Hermo.

305 1853 411 1916 genem
430 1831 456 1888 si
474 1828 595 1894 audias,
622 1825 744 1881 materia
764 1825 901 1900 quamvis
928 1841 985 1879 non
1003 1819 1040 1877 ab
1059 1822 1246 1894 aeternitate,

303 1947 409 1986 verum
434 1920 500 1982 καθ’
525 1925 604 1994 ἕτερα
628 1917 728 1976 saltim
752 1917 886 1991 subjecta
914 1921 980 1976 Deo
1009 1929 1080 1973 erat.
1132 1915 1247 1974 Contra

256 2009 259 2016 ¹
304 2014 468 2078 Marcionis
486 2010 694 2094 respectarem
708 2030 761 2068 eeu
777 2014 880 2091 tetigit
897 2012 1035 2093 egregins
1047 2009 1263 2084 Moshemiuu„

234 2169 267 2243 ι)
296 2135 503 2241 lietmogenet
521 2176 614 2235 quum
633 2171 784 2213 aeternum
800 2147 899 2213 Deum
926 2172 954 2212 et
977 2154 1129 2210 materiam
1154 2171 1250 2212 aeter·

302 2278 371 2316 nem
395 2268 602 2334 proponeret,
618 2252 797 2309 dualismum
820 2250 974 2307 induxisse
998 2247 1160 2306 eradendus
1191 2265 1251 2322 eet,

301 2352 376 2412 lieet
392 2369 454 2407 non
472 2344 659 2416 absolutum,
673 2363 708 2404 nt
722 2345 765 2402 its
783 2346 878 2401 dicam
888 2384 898 2413 ,
915 2345 937 2404 i.
956 2364 980 2402 e.
999 2363 1060 2399 non
1077 2339 1180 2412 telem,
1204 2363 1252 2402 te·

305 2444 437 2504 eundum
464 2463 552 2520 quem
577 2440 727 2518 principia
750 2439 872 2515 (ἀρχαὶ)
896 2454 966 2497 sunt
984 2437 1062 2507 dno,
1091 2435 1152 2494 sibi
1186 2458 1251 2500 non

304 2539 474 2600 aeternitate
493 2535 612 2605 tolum,
630 2534 681 2592 sed
699 2535 809 2602 etiam,
831 2534 866 2591 id
891 2533 973 2610 quod
997 2530 1122 2605 majoris
1141 2531 1250 2609 utique

179 2641 185 2648 “
306 2633 455 2693 momenti
472 2647 536 2699 eet,
559 2645 704 2706 potestate
721 2631 815 2706 paria.
855 2628 974 2684 Etenim
993 2628 1064 2702 quit
1081 2629 1252 2699 materiem,

305 2743 395 2806 qnam
413 2723 473 2786 sibi
492 2724 647 2800 opinionis
665 2743 761 2781 errore
775 2727 909 2791 linxertt,
928 2722 1134 2798 sempiternam
1159 2719 1250 2780 illem

306 2821 449 2899 qnide'm,
473 2833 602 2876 ettamen
632 2820 698 2876 Deo
725 2817 873 2876 subditam
904 2816 1054 2884 decrevit,
1085 2816 1128 2874 ite
1152 2831 1187 2872 ut
1211 2837 1251 2876 ex
1312 2845 1314 2852 ,

261 2953 264 2960 ν
305 2919 373 2974 Deo
398 2913 616 2989 quodammodo
640 2911 799 2987 penderet,
836 2910 1071 2969 tolerabiliorem
1105 2906 1251 2967 dualismi

306 3011 452 3075 formem,
471 3005 670 3073 dualismum,
688 3007 714 3061 si
731 3007 775 3063 sie
793 3005 940 3082 appellare
958 3004 1067 3082 placet,
1084 3003 1253 3062 relativum

308 3101 464 3161 asseruisse
481 3098 659 3175 judicandus
678 3115 741 3169 est,
772 3101 826 3175 qui
850 3100 969 3156 divinae
999 3098 1133 3155 fidelium
1160 3097 1253 3156 chri.

307 3199 473 3256 arianorum
492 3191 573 3249 vitas
597 3209 659 3249 non
677 3208 772 3263 tante,
791 3207 898 3270 quante
922 3190 1075 3251 absolutus
1098 3193 1176 3264 iste,
1200 3193 1253 3250 in·

307 3291 441 3350 tenderet
457 3285 601 3366 pericula.
634 3289 682 3344 De
701 3285 848 3345 dntlismo
874 3287 944 3344 dum
963 3285 1053 3347 verbe
1076 3287 1174 3356 latio,
1199 3286 1252 3346 de·

306 3404 368 3444 etse
385 3383 465 3440 milri
481 3401 542 3438 non
561 3399 699 3459 possum,
723 3381 797 3458 quin
814 3402 920 3440 rocem
937 3381 1107 3460 respiciam,
1125 3373 1256 3460 aWeg·

306 3476 461 3552 seheidero
487 3479 513 3547 d.
531 3477 583 3534 106
599 3474 783 3532 inttitntion.
801 3476 971 3554 theologiae
989 3475 1100 3533 Christ.
1119 3474 1256 3554 dogmat.

309 3573 455 3656 missamt
478 3567 673 3638 „dualismus
692 3569 800 3646 cuique
818 3569 933 3648 populo
952 3569 1092 3653 rudiori,
1120 3569 1177 3628 elii
1194 3571 1255 3636 snb

267 3743 269 3747 ι
309 3665 369 3724 elia
387 3663 484 3743 specis
502 3661 642 3739 probatus
652 3701 663 3732 ,
682 3683 800 3722 onmem
819 3665 1000 3744 religionem
1016 3666 1171 3742 puriorem
1184 3665 1254 3724 tol·

309 3761 390 3839 lit‘g.
436 3757 583 3815 Potrerins
612 3756 693 3812 laro'd
716 3756 807 3816 dubie
836 3768 942 3817 rernm
969 3775 1033 3824 sttt
1068 3761 1120 3819 ssd
1147 3761 1254 3839 ptiust

308 3856 456 3912 nimirum
480 3851 660 3910 dueliemnm
686 3855 784 3925 auique
799 3852 925 3931 l1>⁰P¹¹¹⁰
949 3854 1069 3912 rudiori
1092 3847 1256 3934 probatum

290 3966 388 4015 esse,
405 3945 442 4002 rb
471 3962 590 4004 anttors
616 3945 844 4004 institutionum
866 3949 923 4006 vix
945 3967 978 4006 te
1000 3969 1038 4006 na
1054 3949 1112 4010 vix
1127 3948 1254 4028 quidem

308 4041 474 4116 evinceret.
494 4068 532 4086 ·-
552 4039 689 4098 Hebraeo
707 4061 781 4098 nom
796 4040 939 4120 probatus
960 4043 1043 4102 fuiti
