<?xml version="1.0" encoding="UTF-8"?>
<!DOCTYPE html PUBLIC "-//W3C//DTD XHTML 1.0 Transitional//EN"
    "http://www.w3.org/TR/xhtml1/DTD/xhtml1-transitional.dtd">
<html xmlns="http://www.w3.org/1999/xhtml" xml:lang="en" lang="en">
 <head>
  <title>
</title>
<meta http-equiv="Content-Type" content="text/html;charset=utf-8" />
  <meta name='ocr-system' content='tesseract 3.04.00' />
  <meta name='ocr-capabilities' content='ocr_page ocr_carea ocr_par ocr_line ocrx_word'/>
</head>
<body>
  <div class='ocr_page' id='page_1' title='image "./hermogenesafric00hermgoog_0078.png"; bbox 0 0 2642 4568; ppageno 0'>
   <div class='ocr_carea' id='block_1_1' title="bbox 560 332 608 406">
    <p class='ocr_par' dir='ltr' id='par_1_1' title="bbox 560 332 608 406">
     <span class='ocr_line' id='line_1_1' title="bbox 560 332 608 406; baseline 0 0"><span class='ocrx_word' id='word_1_1' title='bbox 560 332 608 406; x_wconf 87' lang='grc'><strong>41</strong></span> 
     </span>
    </p>
   </div>
   <div class='ocr_carea' id='block_1_2' title="bbox 77 493 1189 1541">
    <p class='ocr_par' dir='ltr' id='par_1_2' title="bbox 77 493 1189 1541">
     <span class='ocr_line' id='line_1_2' title="bbox 80 493 1090 588; baseline -0.004 -18"><span class='ocrx_word' id='word_1_2' title='bbox 80 501 151 572; x_wconf 76' lang='lat' dir='ltr'><strong>Ast</strong></span> <span class='ocrx_word' id='word_1_3' title='bbox 171 499 397 568; x_wconf 76' lang='lat' dir='ltr'><strong>Termtnanus</strong></span> <span class='ocrx_word' id='word_1_4' title='bbox 424 493 537 564; x_wconf 73' lang='lat' dir='ltr'><strong>nautea</strong></span> <span class='ocrx_word' id='word_1_5' title='bbox 565 494 690 580; x_wconf 80' lang='lat' dir='ltr'>sicubi,</span> <span class='ocrx_word' id='word_1_6' title='bbox 714 495 841 586; x_wconf 86' lang='lat' dir='ltr'><strong>inquit,</strong></span> <span class='ocrx_word' id='word_1_7' title='bbox 862 495 981 566; x_wconf 82' lang='lat' dir='ltr'><strong>vocula</strong></span> <span class='ocrx_word' id='word_1_8' title='bbox 1000 495 1090 588; x_wconf 86' lang='lat' dir='ltr'><strong>prin·</strong></span> 
     </span>
     <span class='ocr_line' id='line_1_3' title="bbox 83 614 1116 713; baseline -0.006 -24"><span class='ocrx_word' id='word_1_9' title='bbox 83 621 213 713; x_wconf 75' lang='lat' dir='ltr'><strong>ulpium</strong></span> <span class='ocrx_word' id='word_1_10' title='bbox 233 623 296 686; x_wconf 84' lang='lat' dir='ltr'><strong>hue</strong></span> <span class='ocrx_word' id='word_1_11' title='bbox 318 630 496 708; x_wconf 78' lang='lat' dir='ltr'><strong>usurpetur</strong></span> <span class='ocrx_word' id='word_1_12' title='bbox 517 614 720 706; x_wconf 72' lang='lat' dir='ltr'><strong>significatu,</strong></span> <span class='ocrx_word' id='word_1_13' title='bbox 744 661 769 700; x_wconf 83' lang='lat'><strong>,‚</strong></span> <span class='ocrx_word' id='word_1_14' title='bbox 779 615 877 703; x_wconf 83' lang='lat' dir='ltr'><strong>adjici</strong></span> <span class='ocrx_word' id='word_1_15' title='bbox 897 629 931 682; x_wconf 86' lang='lat' dir='ltr'><strong>et</strong></span> <span class='ocrx_word' id='word_1_16' title='bbox 950 616 1088 684; x_wconf 87' lang='lat' dir='ltr'><strong>mentio·</strong></span> <span class='ocrx_word' id='word_1_17' title='bbox 1112 621 1116 628; x_wconf 80' lang='grc'><strong>”</strong></span> 
     </span>
     <span class='ocr_line' id='line_1_4' title="bbox 77 733 1189 830; baseline -0.002 -23"><span class='ocrx_word' id='word_1_18' title='bbox 77 765 162 824; x_wconf 84' lang='lat' dir='ltr'><strong>nem</strong></span> <span class='ocrx_word' id='word_1_19' title='bbox 184 738 288 830; x_wconf 87' lang='lat' dir='ltr'><strong>ipsius</strong></span> <span class='ocrx_word' id='word_1_20' title='bbox 308 735 358 802; x_wconf 83' lang='lat' dir='ltr'><strong>rei</strong></span> <span class='ocrx_word' id='word_1_21' title='bbox 384 735 590 827; x_wconf 75' lang='lat' dir='ltr'><strong>specialiter,</strong></span> <span class='ocrx_word' id='word_1_22' title='bbox 614 758 712 824; x_wconf 87' lang='lat' dir='ltr'><strong>quam</strong></span> <span class='ocrx_word' id='word_1_23' title='bbox 731 733 870 800; x_wconf 88' lang='lat' dir='ltr'><strong>velimus</strong></span> <span class='ocrx_word' id='word_1_24' title='bbox 886 734 1087 826; x_wconf 83' lang='lat' dir='ltr'><strong>principium</strong></span> <span class='ocrx_word' id='word_1_25' title='bbox 1184 747 1189 756; x_wconf 82' lang='lat'>&#39;</span> 
     </span>
     <span class='ocr_line' id='line_1_5' title="bbox 80 853 1089 946; baseline -0.017 -19"><span class='ocrx_word' id='word_1_26' title='bbox 80 857 221 926; x_wconf 83' lang='lat' dir='ltr'><strong>alterius</strong></span> <span class='ocrx_word' id='word_1_27' title='bbox 250 855 348 927; x_wconf 83' lang='lat' dir='ltr'><strong>rei“.</strong></span> <span class='ocrx_word' id='word_1_28' title='bbox 425 853 582 945; x_wconf 81' lang='lat' dir='ltr'><strong>Exempli</strong></span> <span class='ocrx_word' id='word_1_29' title='bbox 609 853 713 946; x_wconf 74' lang='lat' dir='ltr'><strong>gratia</strong></span> <span class='ocrx_word' id='word_1_30' title='bbox 755 853 944 943; x_wconf 73' lang='lat' dir='ltr'><strong>„argillam&#39;</strong></span> <span class='ocrx_word' id='word_1_31' title='bbox 965 853 1089 946; x_wconf 82' lang='lat' dir='ltr'><strong>prinei.</strong></span> 
     </span>
     <span class='ocr_line' id='line_1_6' title="bbox 78 957 1091 1069; baseline 0 -27"><span class='ocrx_word' id='word_1_32' title='bbox 78 978 175 1069; x_wconf 83' lang='lat' dir='ltr'><strong>pium</strong></span> <span class='ocrx_word' id='word_1_33' title='bbox 193 987 296 1042; x_wconf 88' lang='lat' dir='ltr'><strong>testae</strong></span> <span class='ocrx_word' id='word_1_34' title='bbox 314 997 402 1058; x_wconf 85' lang='lat' dir='ltr'><strong>esse,</strong></span> <span class='ocrx_word' id='word_1_35' title='bbox 425 995 539 1040; x_wconf 85' lang='lat' dir='ltr'><strong>semen</strong></span> <span class='ocrx_word' id='word_1_36' title='bbox 557 971 757 1064; x_wconf 81' lang='lat' dir='ltr'><strong>principium</strong></span> <span class='ocrx_word' id='word_1_37' title='bbox 772 971 893 1037; x_wconf 82' lang='lat' dir='ltr'><strong>herbae</strong></span> <span class='ocrx_word' id='word_1_38' title='bbox 902 957 982 1066; x_wconf 61' lang='lat' dir='ltr'><strong>“l)</strong></span> <span class='ocrx_word' id='word_1_39' title='bbox 1002 973 1091 1066; x_wconf 85' lang='lat' dir='ltr'><strong>(cap.</strong></span> 
     </span>
     <span class='ocr_line' id='line_1_7' title="bbox 79 1086 1091 1184; baseline -0.003 -19"><span class='ocrx_word' id='word_1_40' title='bbox 79 1093 171 1165; x_wconf 79' lang='lat' dir='ltr'><strong>XIX</strong></span> <span class='ocrx_word' id='word_1_41' title='bbox 191 1095 266 1161; x_wconf 86' lang='lat' dir='ltr'><strong>adv.</strong></span> <span class='ocrx_word' id='word_1_42' title='bbox 289 1093 486 1184; x_wconf 73' lang='lat' dir='ltr'><strong>Hermog.)a</strong></span> <span class='ocrx_word' id='word_1_43' title='bbox 524 1089 591 1158; x_wconf 86' lang='lat' dir='ltr'><strong>nisi</strong></span> <span class='ocrx_word' id='word_1_44' title='bbox 612 1091 702 1181; x_wconf 88' lang='lat' dir='ltr'><strong>quod</strong></span> <span class='ocrx_word' id='word_1_45' title='bbox 729 1089 765 1156; x_wconf 90' lang='lat' dir='ltr'><strong>in</strong></span> <span class='ocrx_word' id='word_1_46' title='bbox 791 1086 957 1160; x_wconf 85' lang='lat' dir='ltr'><strong>IGenes.</strong></span> <span class='ocrx_word' id='word_1_47' title='bbox 980 1089 998 1159; x_wconf 88' lang='lat' dir='ltr'><strong>l</strong></span> <span class='ocrx_word' id='word_1_48' title='bbox 1023 1095 1091 1162; x_wconf 87' lang='lat' dir='ltr'><strong>tale</strong></span> 
     </span>
     <span class='ocr_line' id='line_1_8' title="bbox 83 1209 1092 1305; baseline 0.002 -25"><span class='ocrx_word' id='word_1_49' title='bbox 83 1212 172 1305; x_wconf 83' lang='lat' dir='ltr'><strong>quid</strong></span> <span class='ocrx_word' id='word_1_50' title='bbox 192 1211 331 1280; x_wconf 81' lang='lat' dir='ltr'><strong>voculae</strong></span> <span class='ocrx_word' id='word_1_51' title='bbox 351 1210 552 1303; x_wconf 81' lang='lat' dir='ltr'><strong>principium</strong></span> <span class='ocrx_word' id='word_1_52' title='bbox 565 1209 753 1296; x_wconf 84' lang='lat' dir='ltr'><strong>adjunctum</strong></span> <span class='ocrx_word' id='word_1_53' title='bbox 766 1233 835 1276; x_wconf 83' lang='lat' dir='ltr'><strong>nan</strong></span> <span class='ocrx_word' id='word_1_54' title='bbox 853 1221 918 1290; x_wconf 74' lang='lat' dir='ltr'><strong>est.</strong></span> <span class='ocrx_word' id='word_1_55' title='bbox 946 1211 992 1280; x_wconf 82' lang='lat' dir='ltr'><strong>Et</strong></span> <span class='ocrx_word' id='word_1_56' title='bbox 1011 1238 1092 1282; x_wconf 86' lang='lat' dir='ltr'><strong>vero</strong></span> 
     </span>
     <span class='ocr_line' id='line_1_9' title="bbox 81 1325 1089 1424; baseline 0 -24"><span class='ocrx_word' id='word_1_57' title='bbox 81 1356 227 1400; x_wconf 79' lang='lat' dir='ltr'><strong>acumen</strong></span> <span class='ocrx_word' id='word_1_58' title='bbox 246 1329 366 1397; x_wconf 88' lang='lat' dir='ltr'><strong>mentis</strong></span> <span class='ocrx_word' id='word_1_59' title='bbox 385 1329 496 1420; x_wconf 83' lang='lat' dir='ltr'><strong>prodit</strong></span> <span class='ocrx_word' id='word_1_60' title='bbox 519 1331 600 1396; x_wconf 86' lang='lat' dir='ltr'><strong>haee</strong></span> <span class='ocrx_word' id='word_1_61' title='bbox 619 1325 774 1417; x_wconf 87' lang='lat' dir='ltr'><strong>Septimii</strong></span> <span class='ocrx_word' id='word_1_62' title='bbox 791 1352 876 1396; x_wconf 75' lang='lat' dir='ltr'><strong>voxa</strong></span> <span class='ocrx_word' id='word_1_63' title='bbox 911 1331 975 1416; x_wconf 82' lang='lat' dir='ltr'><strong>„si</strong></span> <span class='ocrx_word' id='word_1_64' title='bbox 995 1333 1089 1424; x_wconf 85' lang='lat' dir='ltr'><strong>prin·</strong></span> 
     </span>
     <span class='ocr_line' id='line_1_10' title="bbox 81 1445 1088 1541; baseline 0.001 -22"><span class='ocrx_word' id='word_1_65' title='bbox 81 1450 212 1541; x_wconf 83' lang='lat' dir='ltr'><strong>cipium</strong></span> <span class='ocrx_word' id='word_1_66' title='bbox 228 1451 292 1516; x_wconf 75' lang='lat' dir='ltr'><strong>luae</strong></span> <span class='ocrx_word' id='word_1_67' title='bbox 312 1449 388 1516; x_wconf 83' lang='lat' dir='ltr'><strong>loeo</strong></span> <span class='ocrx_word' id='word_1_68' title='bbox 403 1447 570 1516; x_wconf 84' lang='lat' dir='ltr'><strong>materiam</strong></span> <span class='ocrx_word' id='word_1_69' title='bbox 591 1445 810 1538; x_wconf 76' lang='lat' dir='ltr'><strong>significaret,</strong></span> <span class='ocrx_word' id='word_1_70' title='bbox 837 1448 1000 1538; x_wconf 86' lang='lat' dir='ltr'><strong>scriptura</strong></span> <span class='ocrx_word' id='word_1_71' title='bbox 1018 1475 1088 1520; x_wconf 85' lang='lat' dir='ltr'><strong>nou</strong></span> 
     </span>
    </p>
   </div>
   <div class='ocr_carea' id='block_1_3' title="bbox 52 1566 1089 1678">
    <p class='ocr_par' dir='ltr' id='par_1_3' title="bbox 52 1566 1089 1678">
     <span class='ocr_line' id='line_1_11' title="bbox 52 1566 1089 1678; baseline 0.004 -43"><span class='ocrx_word' id='word_1_72' title='bbox 52 1568 271 1664; x_wconf 28' lang='lat' dir='ltr'><strong>&#39;posuisseta</strong></span> <span class='ocrx_word' id='word_1_73' title='bbox 321 1566 391 1651; x_wconf 86' lang='lat' dir='ltr'><strong>„in</strong></span> <span class='ocrx_word' id='word_1_74' title='bbox 434 1566 658 1678; x_wconf 72' lang='lat' dir='ltr'><strong>principio“,</strong></span> <span class='ocrx_word' id='word_1_75' title='bbox 696 1566 756 1632; x_wconf 87' lang='lat' dir='ltr'><strong>sed</strong></span> <span class='ocrx_word' id='word_1_76' title='bbox 777 1588 857 1650; x_wconf 85' lang='lat' dir='ltr'><strong>„ex</strong></span> <span class='ocrx_word' id='word_1_77' title='bbox 874 1569 1089 1661; x_wconf 81' lang='lat' dir='ltr'><strong>principio“.</strong></span> 
     </span>
    </p>
   </div>
   <div class='ocr_carea' id='block_1_4' title="bbox 80 1683 1093 2140">
    <p class='ocr_par' dir='ltr' id='par_1_4' title="bbox 80 1683 1091 1901">
     <span class='ocr_line' id='line_1_12' title="bbox 80 1683 1039 1770; baseline -0.002 -13"><span class='ocrx_word' id='word_1_78' title='bbox 80 1686 163 1762; x_wconf 78' lang='lat' dir='ltr'><strong>Nou</strong></span> <span class='ocrx_word' id='word_1_79' title='bbox 185 1685 274 1754; x_wconf 90' lang='lat' dir='ltr'><strong>enim</strong></span> <span class='ocrx_word' id='word_1_80' title='bbox 293 1683 328 1751; x_wconf 89' lang='lat' dir='ltr'><strong>in</strong></span> <span class='ocrx_word' id='word_1_81' title='bbox 347 1685 534 1770; x_wconf 71' lang='lat' dir='ltr'><strong>„mater-ia,</strong></span> <span class='ocrx_word' id='word_1_82' title='bbox 563 1684 624 1751; x_wconf 84' lang='lat' dir='ltr'><strong>sed</strong></span> <span class='ocrx_word' id='word_1_83' title='bbox 641 1709 683 1751; x_wconf 86' lang='lat' dir='ltr'><strong>ex</strong></span> <span class='ocrx_word' id='word_1_84' title='bbox 703 1685 837 1752; x_wconf 82' lang='lat' dir='ltr'><strong>materia</strong></span> <span class='ocrx_word' id='word_1_85' title='bbox 856 1686 1039 1762; x_wconf 81' lang='lat' dir='ltr'><strong>fecisset“.</strong></span> 
     </span>
     <span class='ocr_line' id='line_1_13' title="bbox 191 1801 1091 1894; baseline 0.006 -22"><span class='ocrx_word' id='word_1_86' title='bbox 191 1803 319 1873; x_wconf 81' lang='lat' dir='ltr'><strong>Natalis</strong></span> <span class='ocrx_word' id='word_1_87' title='bbox 341 1801 554 1889; x_wconf 76' lang='lat' dir='ltr'><strong>Alexander,</strong></span> <span class='ocrx_word' id='word_1_88' title='bbox 576 1826 674 1894; x_wconf 83' lang='lat' dir='ltr'><strong>quem</strong></span> <span class='ocrx_word' id='word_1_89' title='bbox 690 1805 813 1872; x_wconf 85' lang='lat' dir='ltr'><strong>seimus</strong></span> <span class='ocrx_word' id='word_1_90' title='bbox 835 1830 877 1874; x_wconf 87' lang='lat' dir='ltr'><strong>ex</strong></span> <span class='ocrx_word' id='word_1_91' title='bbox 890 1807 1004 1889; x_wconf 67' lang='lat' dir='ltr'><strong>ordine</strong></span> <span class='ocrx_word' id='word_1_92' title='bbox 1026 1809 1091 1878; x_wconf 82' lang='lat' dir='ltr'><strong>l&#39;rs-</strong></span> 
     </span>
    </p>

    <p class='ocr_par' dir='ltr' id='par_1_5' title="bbox 83 1921 1093 2026">
     <span class='ocr_line' id='line_1_14' title="bbox 83 1921 1093 2026; baseline 0.007 -37"><span class='ocrx_word' id='word_1_93' title='bbox 83 1937 176 1994; x_wconf 82' lang='lat' dir='ltr'><strong>trum</strong></span> <span class='ocrx_word' id='word_1_94' title='bbox 196 1921 459 2012; x_wconf 79' lang='lat' dir='ltr'><strong>praedicatorum</strong></span> <span class='ocrx_word' id='word_1_95' title='bbox 479 1922 604 2007; x_wconf 82' lang='lat' dir='ltr'><strong>luisse,</strong></span> <span class='ocrx_word' id='word_1_96' title='bbox 627 1922 727 2026; x_wconf 72' lang='lat' dir='ltr'><strong>aliurp</strong></span> <span class='ocrx_word' id='word_1_97' title='bbox 746 1922 884 2014; x_wconf 85' lang='lat' dir='ltr'><strong>insuper</strong></span> <span class='ocrx_word' id='word_1_98' title='bbox 896 1925 1093 1996; x_wconf 80' lang='lat' dir='ltr'><strong>Tertulliani</strong></span> 
     </span>
    </p>

    <p class='ocr_par' dir='ltr' id='par_1_6' title="bbox 82 2039 1091 2140">
     <span class='ocr_line' id='line_1_15' title="bbox 82 2039 1091 2140; baseline 0.005 -29"><span class='ocrx_word' id='word_1_99' title='bbox 82 2039 199 2112; x_wconf 81' lang='lat' dir='ltr'><strong>locum</strong></span> <span class='ocrx_word' id='word_1_100' title='bbox 221 2040 301 2107; x_wconf 82' lang='lat' dir='ltr'><strong>milri</strong></span> <span class='ocrx_word' id='word_1_101' title='bbox 321 2039 583 2133; x_wconf 65' lang='lat' dir='ltr'><strong>monstrarier),</strong></span> <span class='ocrx_word' id='word_1_102' title='bbox 620 2041 685 2134; x_wconf 85' lang='lat' dir='ltr'><strong>qui</strong></span> <span class='ocrx_word' id='word_1_103' title='bbox 705 2043 870 2136; x_wconf 84' lang='lat' dir='ltr'><strong>quamodo</strong></span> <span class='ocrx_word' id='word_1_104' title='bbox 895 2044 1013 2116; x_wconf 80' lang='lat' dir='ltr'><strong>biblici</strong></span> <span class='ocrx_word' id='word_1_105' title='bbox 1035 2071 1091 2140; x_wconf 72' lang='lat' dir='ltr'><strong>ge·</strong></span> 
     </span>
    </p>
   </div>
   <div class='ocr_carea' id='block_1_5' title="bbox 79 2232 297 2272">
    <p class='ocr_par' dir='ltr' id='par_1_7' title="bbox 79 2232 297 2272">
     <span class='ocr_line' id='line_1_16' title="bbox 79 2232 297 2272; baseline -0.018 0"><span class='ocrx_word' id='word_1_106' title='bbox 79 2232 297 2272; x_wconf 68' lang='lat' dir='ltr'><strong>...t-...-</strong></span> 
     </span>
    </p>
   </div>
   <div class='ocr_carea' id='block_1_6' title="bbox 154 2383 1185 2660">
    <p class='ocr_par' dir='ltr' id='par_1_8' title="bbox 154 2383 1185 2660">
     <span class='ocr_line' id='line_1_17' title="bbox 154 2383 1094 2464; baseline 0.011 -20"><span class='ocrx_word' id='word_1_107' title='bbox 154 2387 193 2462; x_wconf 70' lang='lat'><strong>36</strong></span> <span class='ocrx_word' id='word_1_108' title='bbox 212 2405 308 2444; x_wconf 80' lang='lat' dir='ltr'><strong>sermo</strong></span> <span class='ocrx_word' id='word_1_109' title='bbox 327 2399 385 2444; x_wconf 76' lang='lat' dir='ltr'><strong>ests</strong></span> <span class='ocrx_word' id='word_1_110' title='bbox 422 2383 489 2455; x_wconf 85' lang='lat' dir='ltr'><strong>„de</strong></span> <span class='ocrx_word' id='word_1_111' title='bbox 506 2384 666 2462; x_wconf 82' lang='lat' dir='ltr'><strong>principiis</strong></span> <span class='ocrx_word' id='word_1_112' title='bbox 683 2404 801 2456; x_wconf 85' lang='lat' dir='ltr'><strong>rerum,</strong></span> <span class='ocrx_word' id='word_1_113' title='bbox 824 2389 967 2464; x_wconf 82' lang='lat' dir='ltr'><strong>equibus</strong></span> <span class='ocrx_word' id='word_1_114' title='bbox 991 2395 1094 2454; x_wconf 84' lang='lat' dir='ltr'><strong>omnis</strong></span> 
     </span>
     <span class='ocr_line' id='line_1_18' title="bbox 154 2479 1185 2558; baseline -0.002 -18"><span class='ocrx_word' id='word_1_115' title='bbox 154 2486 335 2550; x_wconf 84' lang='lat' dir='ltr'><strong>constant“,</strong></span> <span class='ocrx_word' id='word_1_116' title='bbox 354 2500 445 2556; x_wconf 83' lang='lat' dir='ltr'><strong>caque</strong></span> <span class='ocrx_word' id='word_1_117' title='bbox 462 2479 498 2538; x_wconf 90' lang='lat' dir='ltr'><strong>ab</strong></span> <span class='ocrx_word' id='word_1_118' title='bbox 516 2481 584 2540; x_wconf 91' lang='lat' dir='ltr'><strong>Joh.</strong></span> <span class='ocrx_word' id='word_1_119' title='bbox 603 2485 680 2558; x_wconf 80' lang='lat' dir='ltr'><strong>Aug.</strong></span> <span class='ocrx_word' id='word_1_120' title='bbox 698 2483 832 2546; x_wconf 74' lang='lat' dir='ltr'><strong>Ernestio</strong></span> <span class='ocrx_word' id='word_1_121' title='bbox 849 2482 957 2542; x_wconf 85' lang='lat' dir='ltr'><strong>merito</strong></span> <span class='ocrx_word' id='word_1_122' title='bbox 975 2485 1093 2544; x_wconf 83' lang='lat' dir='ltr'><strong>intelli.</strong></span> <span class='ocrx_word' id='word_1_123' title='bbox 1181 2489 1185 2497; x_wconf 82' lang='lat'><em>&#39;</em></span> 
     </span>
     <span class='ocr_line' id='line_1_19' title="bbox 155 2569 1094 2660; baseline 0.01 -28"><span class='ocrx_word' id='word_1_124' title='bbox 155 2591 272 2660; x_wconf 72' lang='lat' dir='ltr'><strong>guntur</strong></span> <span class='ocrx_word' id='word_1_125' title='bbox 290 2573 443 2634; x_wconf 83' lang='lat' dir='ltr'><strong>elementa.</strong></span> <span class='ocrx_word' id='word_1_126' title='bbox 477 2575 536 2632; x_wconf 84' lang='lat' dir='ltr'><strong>Adi</strong></span> <span class='ocrx_word' id='word_1_127' title='bbox 554 2574 580 2630; x_wconf 86' lang='lat' dir='ltr'><strong>si</strong></span> <span class='ocrx_word' id='word_1_128' title='bbox 598 2572 695 2652; x_wconf 85' lang='lat' dir='ltr'><strong>placet</strong></span> <span class='ocrx_word' id='word_1_129' title='bbox 712 2575 774 2630; x_wconf 85' lang='lat' dir='ltr'><strong>viri</strong></span> <span class='ocrx_word' id='word_1_130' title='bbox 792 2569 923 2633; x_wconf 77' lang='lat' dir='ltr'><strong>indicem</strong></span> <span class='ocrx_word' id='word_1_131' title='bbox 944 2579 1094 2642; x_wconf 84' lang='lat' dir='ltr'><strong>Latinita-</strong></span> 
     </span>
    </p>
   </div>
   <div class='ocr_carea' id='block_1_7' title="bbox 155 2668 1219 2748">
    <p class='ocr_par' dir='ltr' id='par_1_9' title="bbox 155 2668 1219 2748">
     <span class='ocr_line' id='line_1_20' title="bbox 155 2668 1219 2748; baseline 0.007 -19"><span class='ocrx_word' id='word_1_132' title='bbox 155 2673 198 2735; x_wconf 78' lang='lat' dir='ltr'><strong>tis</strong></span> <span class='ocrx_word' id='word_1_133' title='bbox 212 2670 299 2747; x_wconf 81' lang='lat' dir='ltr'><strong>reliq.</strong></span> <span class='ocrx_word' id='word_1_134' title='bbox 311 2672 345 2728; x_wconf 88' lang='lat' dir='ltr'><strong>in</strong></span> <span class='ocrx_word' id='word_1_135' title='bbox 353 2690 438 2748; x_wconf 82' lang='lat' dir='ltr'><strong>opera</strong></span> <span class='ocrx_word' id='word_1_136' title='bbox 454 2668 683 2736; x_wconf 87' lang='lat' dir='ltr'><strong>Ciceronis,snb</strong></span> <span class='ocrx_word' id='word_1_137' title='bbox 693 2688 722 2723; x_wconf 92' lang='lat' dir='ltr'><strong>v.</strong></span> <span class='ocrx_word' id='word_1_138' title='bbox 731 2669 926 2746; x_wconf 84' lang='lat' dir='ltr'><strong>principium.</strong></span> <span class='ocrx_word' id='word_1_139' title='bbox 943 2675 1091 2736; x_wconf 74' lang='lat' dir='ltr'><strong>Praeterea</strong></span> <span class='ocrx_word' id='word_1_140' title='bbox 1214 2731 1219 2746; x_wconf 74' lang='grc'><em>,</em></span> 
     </span>
    </p>
   </div>
   <div class='ocr_carea' id='block_1_8' title="bbox 77 2752 1162 4077">
    <p class='ocr_par' dir='ltr' id='par_1_10' title="bbox 77 2752 1162 3218">
     <span class='ocr_line' id='line_1_21' title="bbox 77 2752 1091 2848; baseline 0.006 -27"><span class='ocrx_word' id='word_1_141' title='bbox 77 2819 81 2830; x_wconf 78' lang='grc'>,</span> <span class='ocrx_word' id='word_1_142' title='bbox 156 2763 281 2826; x_wconf 78' lang='lat' dir='ltr'><strong>docetur</strong></span> <span class='ocrx_word' id='word_1_143' title='bbox 289 2752 380 2824; x_wconf 70' lang='lat' dir='ltr'><strong>libat</strong></span> <span class='ocrx_word' id='word_1_144' title='bbox 393 2764 531 2822; x_wconf 68' lang='lat' dir='ltr'><strong>denatur-</strong></span> <span class='ocrx_word' id='word_1_145' title='bbox 539 2764 653 2821; x_wconf 82' lang='lat' dir='ltr'><strong>Deor.1</strong></span> <span class='ocrx_word' id='word_1_146' title='bbox 672 2765 1091 2848; x_wconf 55' lang='lat' dir='ltr'><strong>,*,caussami.a.principium</strong></span> 
     </span>
     <span class='ocr_line' id='line_1_22' title="bbox 156 2853 1093 2937; baseline 0.012 -27"><span class='ocrx_word' id='word_1_147' title='bbox 156 2853 391 2937; x_wconf 69' lang='lat' dir='ltr'><strong>philosophias,</strong></span> <span class='ocrx_word' id='word_1_148' title='bbox 415 2874 475 2912; x_wconf 86' lang='lat' dir='ltr'><strong>esse</strong></span> <span class='ocrx_word' id='word_1_149' title='bbox 499 2856 730 2913; x_wconf 79' lang='lat' dir='ltr'><strong>inscientiam⁸‘.</strong></span> <span class='ocrx_word' id='word_1_150' title='bbox 770 2858 817 2913; x_wconf 90' lang='lat' dir='ltr'><strong>De</strong></span> <span class='ocrx_word' id='word_1_151' title='bbox 834 2857 894 2916; x_wconf 86' lang='lat' dir='ltr'><strong>hoc</strong></span> <span class='ocrx_word' id='word_1_152' title='bbox 911 2858 1000 2931; x_wconf 86' lang='lat' dir='ltr'><strong>loco,</strong></span> <span class='ocrx_word' id='word_1_153' title='bbox 1019 2863 1093 2931; x_wconf 79' lang='lat' dir='ltr'><strong>bers</strong></span> 
     </span>
     <span class='ocr_line' id='line_1_23' title="bbox 155 2948 1146 3036; baseline 0.007 -25"><span class='ocrx_word' id='word_1_154' title='bbox 155 2951 266 3012; x_wconf 77' lang='lat' dir='ltr'><strong>multas</strong></span> <span class='ocrx_word' id='word_1_155' title='bbox 283 2949 558 3036; x_wconf 77' lang='lat' dir='ltr'><strong>interpretatinues,</strong></span> <span class='ocrx_word' id='word_1_156' title='bbox 576 2966 611 3007; x_wconf 87' lang='lat' dir='ltr'><strong>ut</strong></span> <span class='ocrx_word' id='word_1_157' title='bbox 629 2948 765 3018; x_wconf 87' lang='lat' dir='ltr'><strong>Oliveti,</strong></span> <span class='ocrx_word' id='word_1_158' title='bbox 783 2967 818 3008; x_wconf 83' lang='lat' dir='ltr'><strong>nt</strong></span> <span class='ocrx_word' id='word_1_159' title='bbox 840 2949 938 3009; x_wconf 87' lang='lat' dir='ltr'><strong>Baelii</strong></span> <span class='ocrx_word' id='word_1_160' title='bbox 956 2975 1092 3036; x_wconf 80' lang='lat' dir='ltr'><strong>experto,</strong></span> <span class='ocrx_word' id='word_1_161' title='bbox 1141 3019 1146 3026; x_wconf 81' lang='grc'>,</span> 
     </span>
     <span class='ocr_line' id='line_1_24' title="bbox 157 3043 1162 3121; baseline 0.004 -17"><span class='ocrx_word' id='word_1_162' title='bbox 157 3046 294 3116; x_wconf 72' lang='lat' dir='ltr'><strong>videsis,&#39;</strong></span> <span class='ocrx_word' id='word_1_163' title='bbox 315 3065 391 3121; x_wconf 82' lang='lat' dir='ltr'><strong>qnae</strong></span> <span class='ocrx_word' id='word_1_164' title='bbox 407 3045 559 3102; x_wconf 84' lang='lat' dir='ltr'><strong>Ernestius</strong></span> <span class='ocrx_word' id='word_1_165' title='bbox 584 3063 607 3108; x_wconf 83' lang='lat' dir='ltr'><strong>s.</strong></span> <span class='ocrx_word' id='word_1_166' title='bbox 625 3063 657 3102; x_wconf 83' lang='lat' dir='ltr'><strong>v.</strong></span> <span class='ocrx_word' id='word_1_167' title='bbox 672 3043 832 3104; x_wconf 68' lang='lat' dir='ltr'><strong>inscientia</strong></span> <span class='ocrx_word' id='word_1_168' title='bbox 850 3067 909 3108; x_wconf 85' lang='lat' dir='ltr'><strong>non</strong></span> <span class='ocrx_word' id='word_1_169' title='bbox 927 3048 992 3109; x_wconf 82' lang='lat' dir='ltr'><strong>siue</strong></span> <span class='ocrx_word' id='word_1_170' title='bbox 1008 3072 1093 3111; x_wconf 84' lang='lat' dir='ltr'><strong>man·</strong></span> <span class='ocrx_word' id='word_1_171' title='bbox 1156 3097 1162 3108; x_wconf 85' lang='grc'><em>,</em></span> 
     </span>
     <span class='ocr_line' id='line_1_25' title="bbox 157 3139 703 3218; baseline -0.013 -18"><span class='ocrx_word' id='word_1_172' title='bbox 157 3140 200 3201; x_wconf 83' lang='lat' dir='ltr'><strong>tis</strong></span> <span class='ocrx_word' id='word_1_173' title='bbox 222 3139 401 3218; x_wconf 66' lang='lat' dir='ltr'><strong>perspicacia</strong></span> <span class='ocrx_word' id='word_1_174' title='bbox 428 3140 558 3202; x_wconf 86' lang='lat' dir='ltr'><strong>monuit.</strong></span> <span class='ocrx_word' id='word_1_175' title='bbox 701 3139 703 3142; x_wconf 79' lang='grc'><strong>’</strong></span> 
     </span>
    </p>

    <p class='ocr_par' dir='ltr' id='par_1_11' title="bbox 87 3227 1100 3966">
     <span class='ocr_line' id='line_1_26' title="bbox 87 3227 1093 3322; baseline 0.008 -20"><span class='ocrx_word' id='word_1_176' title='bbox 87 3227 118 3322; x_wconf 75' lang='lat' dir='ltr'><strong>s)</strong></span> <span class='ocrx_word' id='word_1_177' title='bbox 154 3244 287 3304; x_wconf 83' lang='lat' dir='ltr'><strong>Disaarit</strong></span> <span class='ocrx_word' id='word_1_178' title='bbox 302 3241 504 3301; x_wconf 70' lang='lat' dir='ltr'><strong>Tertullianus</strong></span> <span class='ocrx_word' id='word_1_179' title='bbox 514 3240 644 3304; x_wconf 73' lang='lat' dir='ltr'><strong>ibidem:</strong></span> <span class='ocrx_word' id='word_1_180' title='bbox 663 3241 714 3314; x_wconf 85' lang='lat' dir='ltr'><strong>„si</strong></span> <span class='ocrx_word' id='word_1_181' title='bbox 728 3243 771 3300; x_wconf 84' lang='lat' dir='ltr'><strong>sic</strong></span> <span class='ocrx_word' id='word_1_182' title='bbox 787 3262 949 3322; x_wconf 79' lang='lat' dir='ltr'><strong>ponamusa</strong></span> <span class='ocrx_word' id='word_1_183' title='bbox 964 3271 1043 3300; x_wconf 88' lang='lat'><strong><em>-·····</em></strong></span> <span class='ocrx_word' id='word_1_184' title='bbox 1058 3250 1093 3312; x_wconf 85' lang='lat' dir='ltr'><strong>ln</strong></span> 
     </span>
     <span class='ocr_line' id='line_1_27' title="bbox 158 3335 1095 3418; baseline 0.007 -23"><span class='ocrx_word' id='word_1_185' title='bbox 158 3338 312 3418; x_wconf 84' lang='lat' dir='ltr'><strong>principio</strong></span> <span class='ocrx_word' id='word_1_186' title='bbox 336 3336 409 3396; x_wconf 83' lang='lat' dir='ltr'><strong>fecit</strong></span> <span class='ocrx_word' id='word_1_187' title='bbox 437 3335 549 3414; x_wconf 83' lang='lat' dir='ltr'><strong>figulus</strong></span> <span class='ocrx_word' id='word_1_188' title='bbox 573 3335 689 3413; x_wconf 83' lang='lat' dir='ltr'><strong>pelvim</strong></span> <span class='ocrx_word' id='word_1_189' title='bbox 717 3337 770 3396; x_wconf 79' lang='lat' dir='ltr'><strong>val</strong></span> <span class='ocrx_word' id='word_1_190' title='bbox 793 3360 915 3412; x_wconf 76' lang='lat' dir='ltr'><strong>urnam,</strong></span> <span class='ocrx_word' id='word_1_191' title='bbox 937 3345 1004 3418; x_wconf 57' lang='lat' dir='ltr'><strong>jana*</strong></span> <span class='ocrx_word' id='word_1_192' title='bbox 1031 3366 1095 3406; x_wconf 85' lang='lat' dir='ltr'><strong>nora</strong></span> 
     </span>
     <span class='ocr_line' id='line_1_28' title="bbox 158 3430 1095 3515; baseline 0.001 -24"><span class='ocrx_word' id='word_1_193' title='bbox 158 3435 314 3492; x_wconf 76' lang='lat' dir='ltr'><strong>materiam</strong></span> <span class='ocrx_word' id='word_1_194' title='bbox 340 3431 521 3511; x_wconf 82' lang='lat' dir='ltr'><strong>significabit</strong></span> <span class='ocrx_word' id='word_1_195' title='bbox 541 3430 745 3508; x_wconf 73' lang='lat' dir='ltr'><strong>principium,</strong></span> <span class='ocrx_word' id='word_1_196' title='bbox 778 3434 830 3491; x_wconf 74' lang='lat' dir='ltr'><strong>sed</strong></span> <span class='ocrx_word' id='word_1_197' title='bbox 859 3436 994 3500; x_wconf 69' lang='lat' dir='ltr'><strong>ordinem</strong></span> <span class='ocrx_word' id='word_1_198' title='bbox 1023 3457 1095 3515; x_wconf 78' lang='lat' dir='ltr'><strong>ops·</strong></span> 
     </span>
     <span class='ocr_line' id='line_1_29' title="bbox 156 3525 1095 3606; baseline 0.006 -25"><span class='ocrx_word' id='word_1_199' title='bbox 156 3527 300 3604; x_wconf 73' lang='lat' dir='ltr'><strong>tit‚q1}i⁸</strong></span> <span class='ocrx_word' id='word_1_200' title='bbox 317 3525 428 3606; x_wconf 80' lang='lat' dir='ltr'><strong>figulus</strong></span> <span class='ocrx_word' id='word_1_201' title='bbox 446 3541 512 3581; x_wconf 84' lang='lat' dir='ltr'><strong>ants</strong></span> <span class='ocrx_word' id='word_1_202' title='bbox 530 3541 640 3583; x_wconf 77' lang='lat' dir='ltr'><strong>caetera</strong></span> <span class='ocrx_word' id='word_1_203' title='bbox 657 3527 790 3602; x_wconf 84' lang='lat' dir='ltr'><strong>primum</strong></span> <span class='ocrx_word' id='word_1_204' title='bbox 807 3526 923 3604; x_wconf 81' lang='lat' dir='ltr'><strong>pelvim</strong></span> <span class='ocrx_word' id='word_1_205' title='bbox 940 3545 971 3588; x_wconf 83' lang='lat' dir='ltr'><strong>et</strong></span> <span class='ocrx_word' id='word_1_206' title='bbox 989 3549 1095 3589; x_wconf 80' lang='lat' dir='ltr'><strong>urnam</strong></span> 
     </span>
     <span class='ocr_line' id='line_1_30' title="bbox 160 3618 1100 3694; baseline 0.002 -18"><span class='ocrx_word' id='word_1_207' title='bbox 160 3620 252 3690; x_wconf 75' lang='lat' dir='ltr'><strong>fecit,</strong></span> <span class='ocrx_word' id='word_1_208' title='bbox 269 3618 377 3678; x_wconf 83' lang='lat' dir='ltr'><strong>exinde</strong></span> <span class='ocrx_word' id='word_1_209' title='bbox 394 3621 524 3686; x_wconf 80' lang='lat' dir='ltr'><strong>¹facturus</strong></span> <span class='ocrx_word' id='word_1_210' title='bbox 543 3634 573 3676; x_wconf 87' lang='lat' dir='ltr'><strong>at</strong></span> <span class='ocrx_word' id='word_1_211' title='bbox 589 3623 724 3678; x_wconf 82' lang='lat' dir='ltr'><strong>caetera“</strong></span> <span class='ocrx_word' id='word_1_212' title='bbox 742 3636 807 3694; x_wconf 70' lang='lat' dir='ltr'><strong>(seu</strong></span> <span class='ocrx_word' id='word_1_213' title='bbox 824 3637 948 3684; x_wconf 77' lang='lat' dir='ltr'><strong>caeteras</strong></span> <span class='ocrx_word' id='word_1_214' title='bbox 963 3621 1100 3684; x_wconf 81' lang='lat' dir='ltr'><strong>substan·</strong></span> 
     </span>
     <span class='ocr_line' id='line_1_31' title="bbox 160 3711 1094 3792; baseline 0.009 -21"><span class='ocrx_word' id='word_1_215' title='bbox 160 3715 242 3787; x_wconf 81' lang='lat' dir='ltr'><strong>sias).</strong></span> <span class='ocrx_word' id='word_1_216' title='bbox 282 3712 377 3774; x_wconf 84' lang='lat' dir='ltr'><strong>Verba</strong></span> <span class='ocrx_word' id='word_1_217' title='bbox 400 3711 456 3770; x_wconf 85' lang='lat' dir='ltr'><strong>illa</strong></span> <span class='ocrx_word' id='word_1_218' title='bbox 482 3712 632 3792; x_wconf 79' lang='lat' dir='ltr'><strong>allegavi,</strong></span> <span class='ocrx_word' id='word_1_219' title='bbox 659 3716 898 3792; x_wconf 76' lang='lat' dir='ltr'><strong>quandoquidem</strong></span> <span class='ocrx_word' id='word_1_220' title='bbox 923 3716 996 3776; x_wconf 83' lang='lat' dir='ltr'><strong>adeo</strong></span> <span class='ocrx_word' id='word_1_221' title='bbox 1019 3716 1094 3779; x_wconf 83' lang='lat' dir='ltr'><strong>bens</strong></span> 
     </span>
     <span class='ocr_line' id='line_1_32' title="bbox 153 3805 1095 3892; baseline 0.003 -26"><span class='ocrx_word' id='word_1_222' title='bbox 153 3808 338 3885; x_wconf 79' lang='lat' dir='ltr'><strong>‘respondent</strong></span> <span class='ocrx_word' id='word_1_223' title='bbox 362 3805 520 3868; x_wconf 83' lang='lat' dir='ltr'><strong>Mosaicis=</strong></span> <span class='ocrx_word' id='word_1_224' title='bbox 561 3808 623 3880; x_wconf 79' lang='lat' dir='ltr'><strong>„ia</strong></span> <span class='ocrx_word' id='word_1_225' title='bbox 645 3811 798 3892; x_wconf 83' lang='lat' dir='ltr'><strong>principio</strong></span> <span class='ocrx_word' id='word_1_226' title='bbox 818 3811 903 3868; x_wconf 83' lang='lat' dir='ltr'><strong>Deus</strong></span> <span class='ocrx_word' id='word_1_227' title='bbox 924 3809 999 3868; x_wconf 75' lang='lat' dir='ltr'><strong>tacis</strong></span> <span class='ocrx_word' id='word_1_228' title='bbox 1030 3831 1095 3876; x_wconf 75' lang='lat' dir='ltr'><strong>cae·</strong></span> 
     </span>
     <span class='ocr_line' id='line_1_33' title="bbox 160 3901 795 3966; baseline -0.002 -6"><span class='ocrx_word' id='word_1_229' title='bbox 160 3901 277 3960; x_wconf 79' lang='lat' dir='ltr'><strong>lansec</strong></span> <span class='ocrx_word' id='word_1_230' title='bbox 301 3905 448 3964; x_wconf 74' lang='lat' dir='ltr'><strong>tansm“.</strong></span> <span class='ocrx_word' id='word_1_231' title='bbox 791 3957 795 3966; x_wconf 92' lang='grc'>,</span> 
     </span>
    </p>

    <p class='ocr_par' dir='ltr' id='par_1_12' title="bbox 93 3991 1095 4077">
     <span class='ocr_line' id='line_1_34' title="bbox 93 3991 1095 4077; baseline -0.002 -21"><span class='ocrx_word' id='word_1_232' title='bbox 93 3992 126 4072; x_wconf 81' lang='lat' dir='ltr'><strong>a&#39;)</strong></span> <span class='ocrx_word' id='word_1_233' title='bbox 161 3996 257 4077; x_wconf 80' lang='lat' dir='ltr'><strong>Legat</strong></span> <span class='ocrx_word' id='word_1_234' title='bbox 273 3992 407 4059; x_wconf 76' lang='lat' dir='ltr'><strong>hominis</strong></span> <span class='ocrx_word' id='word_1_235' title='bbox 434 3991 594 4059; x_wconf 75' lang='lat' dir='ltr'><strong>histccinn</strong></span> <span class='ocrx_word' id='word_1_236' title='bbox 619 3995 845 4058; x_wconf 78' lang='lat' dir='ltr'><strong>ecclesiasticam</strong></span> <span class='ocrx_word' id='word_1_237' title='bbox 879 4001 994 4064; x_wconf 73' lang='lat' dir='ltr'><strong>Veteris</strong></span> <span class='ocrx_word' id='word_1_238' title='bbox 1028 4003 1095 4064; x_wconf 71' lang='lat' dir='ltr'><strong>No.</strong></span> 
     </span>
    </p>
   </div>
   <div class='ocr_carea' id='block_1_9' title="bbox 0 0 1338 4568">
    <p class='ocr_par' dir='ltr' id='par_1_13' title="bbox 0 0 1338 4568">
     <span class='ocr_line' id='line_1_35' title="bbox 0 0 1338 4568; baseline 0 0"><span class='ocrx_word' id='word_1_239' title='bbox 0 0 1338 4568; x_wconf 95' lang='lat' dir='ltr'><strong> </strong></span> 
     </span>
    </p>
   </div>
  </div>
 </body>
</html>
