2634 4568
535 333 609 409 175
855 353 920 448 μδ
1009 368 1010 371 ¹

175 489 284 585 „Alii
303 503 381 567 sant
401 488 557 584 discipuli
582 493 698 560 borum
728 489 768 584 (i.
793 513 826 560 a.
853 488 990 562 Seleuci
1022 505 1068 566 st.

67 639 135 708 que.
157 612 342 698 Hermiae,
369 613 539 712 aperiente
559 612 665 704 capito
681 608 785 696 LV),
810 611 868 702 qui
885 612 1068 684 Procliani.
1165 671 1170 681 ,

62 749 119 804 tae
143 734 355 825 appellantur
377 731 707 822 sturminium).
748 729 1002 824 lacunarum
1020 733 1067 798 di-

62 875 189 922 versos
210 874 361 936 errores,
396 850 574 932 docentes,
608 850 698 941 quod
717 851 754 917 in
777 852 955 918 Ezechiele
983 855 1068 920 ‘scri-

63 968 164 1065 ptum
186 982 239 1038 cst
256 969 299 1038 dc
328 980 480 1060 quattuor
506 968 719 1056 animalibus,
751 968 840 1058 quod
859 970 991 1039 leonem
1017 997 1069 1038 re.

62 1119 146 1186 gem
169 1116 246 1162 esse
265 1091 461 1159 Parthorum
475 1093 530 1176 a),
547 1086 685 1157 vitulum
699 1085 961 1178 Aegyptiorum,
981 1091 1070 1180 aqui·
1101 1122 1103 1128 ·
1124 1141 1129 1154 .

62 1289 283 1311 m

67 1430 101 1505 r)
124 1421 285 1488 ‘Prtetulit
300 1423 471 1494 Fabricius,
487 1419 504 1481 ὅ
519 1419 773 1494 πολυμαθέστατος,
791 1419 953 1494 lectionem
971 1425 1071 1494 „Her-

141 1521 310 1581 mioritae“
319 1559 330 1591 ,
348 1520 498 1598 siquidem
523 1516 699 1574 Philaeniut
721 1517 777 1586 bac
794 1518 999 1593 potissimum*
1015 1538 1072 1579 ter·

71 1607 75 1614 ’
139 1617 309 1676 minatione
328 1617 506 1681 delectetur,
523 1628 558 1671 ut
580 1612 614 1668 in
638 1611 840 1681 „Muearitis‚
862 1615 1073 1686 Puteoritie“;

142 1732 249 1772 verum
270 1708 455 1776 lectionem,
489 1705 558 1763 rito
582 1704 635 1762 illi
657 1704 877 1786 llamburgensi
903 1709 1073 1788 diligentis·

140 1807 222 1886 timo
245 1801 416 1882 probatam,
447 1799 585 1876 equidem
608 1801 856 1858 inconsideratius
880 1823 942 1858 non
968 1806 1074 1882 proba·

139 1901 262 1967 verim,
284 1899 344 1959 niti
368 1895 522 1954 codicibus
545 1894 574 1950 ei
597 1893 834 1972 suffragantibus.
868 1894 977 1970 'Quod
999 1901 1074 1956 Her·

141 1997 299 2061 miotitae,
323 1993 391 2068 (qui
409 2007 452 2048 est
469 1988 631 2068 singularis
648 1989 790 2044 duntaxat
813 1990 945 2047 nominis
969 1995 1074 2062 „Huc

141 2091 264 2150 miani“
284 2084 470 2164 exprimendi
487 2084 620 2154 modus,)
639 2084 727 2140 etiam
752 2084 1006 2152 „Proclianitae“
1024 2108 1075 2165 ap.

141 2184 252 2265 pellati
268 2198 357 2251 sunt,
374 2179 542 2237 mirandum
560 2199 624 2235 mea
650 2179 794 2256 opinione
812 2199 874 2236 nou
897 2176 1018 2252 veniet,
1046 2186 1074 2242 si

142 2296 297 2355 cumptum
316 2277 426 2345 luerit,
453 2273 649 2330 Hermiotitae
669 2288 731 2329 tum
751 2275 901 2343 Hermiae,
920 2291 982 2332 tum
1001 2281 1072 2336 Pro·

141 2372 248 2440 cliuo,
273 2371 327 2448 qni
348 2370 462 2426 decreta
485 2365 623 2422 Hermiae
648 2383 815 2424 constanter
837 2371 1024 2446 profiteretur
1040 2392 1074 2429 ac

142 2463 332 2534 defenderet,
363 2463 554 2521 vehementer
578 2460 693 2518 deditos
715 2460 818 2518 fuisse.
857 2461 966 2519 Saltem
991 2485 1074 2544 repe·

141 2565 204 2622 rias
222 2559 300 2638 apud
317 2554 537 2633 lingonicum,
561 2575 625 2632 cap.
641 2555 698 2610 LX
720 2553 791 2615 libr.
817 2556 852 2614 de
870 2555 980 2616 haeres.
996 2558 1017 2616 6
1039 2561 1073 2616 id

142 2661 282 2719 effatuma'
317 2648 542 2722 „Proclianitae
568 2650 687 2726 sequuti
705 2667 774 2709 sunt
790 2651 894 2710 istoa“
919 2651 955 2726 (i.
973 2673 999 2710 e.
1022 2658 1072 2712 Se·

141 2753 266 2812 leucum
292 2763 322 2806 at
338 2745 517 2815 Hermiona).

74 2884 107 2958 a)
146 2879 278 2944 Videtur
303 2873 440 2932 Fabricio
473 2887 645 2949 propterea,
684 2870 764 2948 qnia'
778 2876 880 2934 Parthi
914 2881 1073 2958 Aegyptiie
1139 2863 1141 2870 ,

144 2974 375 3056 praemittantur
399 2968 486 3040 (citat
508 2967 661 3024 Fabricios
684 2969 876 3030 ammianum
902 2973 1073 3048 Marcellin.
1160 3015 1163 3020 -
1200 3005 1204 3012 ·

145 3068 487 3138 xV111,4,)‚-1,nomen
509 3061 684 3122 Parthorum
708 3083 763 3140 pro
786 3067 916 3144 Assyriis
940 3071 1082 3144 positum·

123 3175 220 3238 'esen
254 3165 294 3220 At
310 3177 382 3217 vero
401 3157 610 3227 Hermiotitte,
628 3157 655 3215 si
672 3158 740 3234 ipso
757 3158 875 3216 saeculo
887 3171 951 3234 post
964 3164 1075 3224 Christ.

144 3239 417 3320 natum-secundo,
446 3269 506 3326 quo
528 3270 654 3330 regnum
677 3253 852 3313 Parthorum
876 3253 972 3312 adhuc
987 3256 1076 3314 dore·

146 3353 219 3418 bat,
248 3349 409 3415 vixerunt,
432 3342 569 3414 leonem,
594 3365 657 3422 oep.
676 3348 691 3400 1
713 3344 863 3405 Ezechiel.
886 3366 917 3403 r.
934 3349 1074 3423 5-prola·

146 3461 234 3509 tum,
249 3461 349 3518 regern
366 3440 540 3497 Parthorum
558 3439 631 3498 bene
650 3439 809 3496 admodum
832 3439 1005 3519 intelligere
1021 3464 1076 3522 po.

149 3555 242 3595 tuere.
279 3537 332 3594 Sin
349 3553 416 3612 post
433 3535 558 3592 initium
577 3533 689 3593 saecoli
707 3523 796 3598 tertii
808 3534 996 3609 exstiterunt,
1014 3559 1074 3616 quo
1139 3577 1144 3586 ·

148 3637 344 3699 Artaxerxes,
375 3647 455 3706 patre
480 3633 596 3686 Saserna
619 3648 706 3697 usus,
742 3627 920 3688 Artabanum
945 3635 987 3692 tv
1005 3637 1081 3698 ,Para

83 3775 86 3782 ⁴
150 3727 237 3784 thum
261 3723 390 3798 imperit>
418 3723 580 3800 spoliavit,
619 3741 793 3798 notumque
822 3727 958 3784 condidit
981 3731 1077 3784 Persa-

150 3841 221 3878 rum
237 3837 383 3898 regnum,
397 3817 518 3877 'leonem
538 3819 573 3875 de
589 3835 656 3894 rege
674 3820 823 3876 Persarum
849 3817 973 3876 forsitan
998 3823 1076 3878 acce·

150 3931 275 3991 perant,
296 3913 469 3990 praesertim
493 3931 605 3988 quum,
628 3910 660 3966 id
678 3913 760 3987 quod
781 3935 818 3971 ne
835 3913 985 3974 Fabricius
1011 3917 1078 3991 qui·

86 4059 90 4064 .
149 4009 219 4068 darn
241 4009 352 4068 iuhtiu
374 4007 419 4078 it,
443 4004 624 4067 anonnullo
640 4007 783 4086 scriptore
804 4009 994 4086 per-Parthos
1011 4014 1079 4068 Per·
