2634 4568
544 365 609 440 '85

201 525 371 618 Aperiunt
400 525 507 617 capita
539 524 621 611 llI,⁸
646 526 716 613 xl,
744 525 763 594 1
796 526 875 594 libri
903 526 944 594 dc
973 529 1092 613 anima,

76 649 220 738 insuper
240 667 313 736 cup.
342 645 429 712 XVI
456 646 572 736 scripti
594 646 635 712 de
668 648 891 736 monogamia,
928 651 1093 740 pictorem

77 766 250 839 materiam
265 764 484 856 designasse,
518 765 599 856 (non
631 767 780 856 corporis
810 769 917 834 solum
945 770 1092 852 humani,

77 888 115 952 id
145 884 323 990 quodper
348 905 384 950 sc
418 883 638 975 intelligitur,
660 885 745 971 sed)
779 886 904 952 animae
931 890 1092 955 humanae

76 1005 219 1074 fontem.
262 1001 302 1068 Iu
328 1005 391 1069 hoe
419 1003 596 1094 placitum,
631 1029 696 1095 que
723 1005 848 1071 ratione
881 1005 1035 1073 inciderit
1061 1004 1092 1073 si
1152 1005 1156 1013 ’

76 1125 280 1212 interroges,
296 1121 450 1210 equidem
463 1124 700 1219 respondeam:
723 1125 961 1208 observaverat
971 1126 1010 1191 in
1024 1125 1091 1192 sni·

77 1242 142 1309 mis
169 1241 453 1331 perturbationum
482 1241 742 1327 multitudinem,
775 1267 893 1334 pravas
930 1243 1088 1336 cupidita·

79 1376 153 1448 tes,
188 1360 321 1428 omnino
342 1359 562 1428 vitIositatem.
615 1360 704 1429 Saue
720 1365 925 1430 concesserit
949 1343 1114 1432 hoereti-x

78 1507 162 1566 ens,
196 1478 448 1570 productionem
479 1481 657 1548 animarum
679 1507 724 1549 ex
742 1483 864 1568 nihilo,
887 1521 930 1540 ·-
975 1481 1088 1549 verbis

78 1597 451 1688 ntorllloslremianis1)‚
474 1599 516 1663 ad
531 1600 632 1666 linens
653 1625 762 1668 meum
780 1601 937 1693 adaptatis
958 1638 1000 1654 -
1021 1599 1090 1668 Nu·

77 1721 162 1788 mini
181 1740 336 1808 supremo
356 1717 493 1806 physice
510 1725 554 1804 2)
570 1719 703 1808 quidem
720 1720 928 1810 possibilem,
950 1729 983 1786 at
1000 1719 1090 1787 idem

79 1839 229 1909 decrevit
250 1835 419 1928 indiguam
441 1835 558 1906 eodem
574 1838 627 1930 3),
644 1839 722 1918 *sive
744 1839 912 1907 moraliter
936 1838 1090 1930 impossi-

79 2050 291 2068 m

79 2194 109 2264 t)
143 2187 244 2245 Petiri
263 2207 277 2243 e
297 2187 537 2256 commentariis,
560 2209 636 2264 quos
659 2189 843 2266 perillustris
868 2189 917 2246 vir
942 2187 976 2245 de
1001 2186 1089 2244 rebus

148 2280 346 2338 Christianum
377 2297 443 2336 ante
474 2281 714 2338 Constantinum
736 2288 883 2362 Magnum
924 2301 986 2338 non
1024 2283 1090 2338 sins

146 2377 246 2434 multo
265 2357 373 2432 mantis
398 2375 534 2432 acumine
559 2378 711 2446 exaravit„
730 2399 798 2457 pag.
815 2388 876 2450 453.

78 2492 108 2573 a)
143 2496 348 2564 Exstiteruut,
372 2495 427 2571 qui
450 2494 577 2555 virtutes
601 2492 751 2564 Numinis
772 2494 904 2571 supremi
930 2494 1089 2554 distribue·

145 2607 214 2650 rent
229 2591 264 2646 in
282 2589 487 2670 outologicas,
518 2613 589 2668 quas
605 2593 685 2650 inter
700 2590 841 2671 *exempli
859 2594 952 2668 gratia
971 2590 1091 2667 'simpli-

64 2699 66 2701 '
149 2689 224 2744 citas
263 2701 292 2742 et
322 2687 476 2742 aeternitas
506 2687 633 2757 relatas,
681 2689 819 2764 physicas
856 2688 921 2748 siva
947 2687 1089 2764 physico·

149 2781 353 2858 theologicas,
371 2779 530 2855 inquibus
548 2798 662 2858 praeter
679 2783 904 2858 aliasueposita
923 2797 966 2839 est
983 2796 1089 2858 poten·

148 2877 191 2934 tia
210 2873 315 2945 (chr.
333 2875 519 2952 gebhuralr),
543 2874 749 2958 morales‚‘de
769 2877 878 2953 quibus
903 2876 1089 2934 sanctitatem

100 2977 105 2992 ’
146 2971 301 3044 (ὁσιότητα)
326 2969 454 3048 allegare
472 2966 565 3028 lubet.
611 2969 784 3041 Divisionis
808 2973 992 3030 mentionem
1017 2971 1092 3030 lecit

146 3059 303 3133 Hahnius,
321 3085 388 3142 pag.
408 3070 458 3130 182
476 3066 550 3136 „tea
568 3061 725 3132 lutrinum
751 3066 797 3127 aer
824 3061 976 3143 mimium
1001 3067 1090 3128 utcu·

149 3161 259 3228 itum
291 3157 341 3218 sed
359 3158 446 3240 habet
465 3159 577 3216 divisio
596 3159 655 3215 lroc
678 3161 885 3231 incommodi,
912 3161 994 3238 quod
1012 3161 1089 3237 phy·

148 3255 209 3313 sica
226 3251 387 3319 attributa,
405 3271 478 3327 quae
497 3253 597 3312 eadem
618 3256 820 3332 metaphysica
845 3256 997 3314 nominari
1015 3276 1088 3331 qus·

147 3365 203 3406 unt
210 3386 220 3416 ,
238 3346 325 3403 velut
342 3365 424 3402 mens
441 3347 522 3415 Dei,
540 3335 633 3403 simul
659 3349 832 3428 entole-gica
851 3351 886 3424 (i.
911 3371 937 3407 e.
955 3347 1089 3408 inicium

149 3442 181 3502 si
206 3439 252 3501 cci
269 3438 337 3502 Θεοῦ
358 3440 443 3510 εἶναι,
475 3439 538 3512 τήν,
576 3440 667 3500 οὐσίαν
694 3441 742 3504 τοῦ
764 3443 855 3512 Oroi)
880 3446 1101 3502 existimentur·

147 3537 231 3598 licet.
246 3533 352 3592 ‘nude
368 3551 425 3590 tres
443 3535 655 3592 attributorum
675 3537 849 3595 divinorum
875 3527 979 3596 classes
996 3537 1089 3596 resol-

147 3633 246 3689 verim
265 3629 405 3696 induas,
432 3649 537 3707 nempe
556 3647 590 3689 nt
608 3631 643 3688 de
660 3631 795 3710 physicis
817 3651 850 3688 ec
872 3629 1038 3700 moralibus
1055 3631 1090 3690 in

117 3741 119 3748 “
146 3727 213 3784 Deo
226 3721 361 3797 ἀξιώμασι
382 3725 541 3802 cogitetur.
567 3761 573 3774 ι
1114 3723 1117 3728 ’

82 3848 116 3921 5)
147 3846 231 3902 Deus
250 3843 393 3902 videlicet
411 3859 455 3900 est
479 3861 612 3914 sauctus,
636 3840 711 3918 ἅγιος
734 3845 838 3918 (Hebr.
853 3845 1008 3915 ltsdosch).
1042 3848 1088 3905 Ab

151 3939 322 3998 Rsinlrsrdo
346 3957 414 4016 pag.
440 3947 491 4012 124
519 3940 592 4011 „bet
615 3940 798 4010 morteferum
821 3942 886 4002 utet
910 3939 1088 4016 utrumne

153 4035 218 4100 tit¹¹
236 4029 424 4111 intelligitur
442 4033 579 4090 ssuctit'ss
600 4031 683 4092 illud
704 4034 901 4105 attributum,
928 4054 989 4114 quo
1007 4039 1090 4109 Deus
