2642 4568
545 400 594 470 31

66 564 188 632 saitem
209 558 244 630 in
265 561 441 658 propatulo
462 571 531 642 est,
551 557 792 624 Tertullianum
812 557 848 622 in
869 558 1017 626 doctrina
1031 557 1079 628 del

65 685 158 751 Filio
174 683 242 748 Dei
260 683 348 748 haud
368 682 457 747 idem
474 680 645 747 censuisse
667 690 868 760 constanter,
895 678 985 768 quod
1002 683 1074 767 (pa-

64 829 143 871 rum
162 813 294 878 notum)
316 800 457 891 symboli
479 798 707 889 „Quicunque
716 809 742 844 ‘⁶
762 799 831 866 sive
859 796 1077 893 Athanasiaui

66 934 259 1003 auctorem,
281 931 393 1012 utpote
419 919 476 1010 qui
496 920 630 984 doceatt
683 967 709 1002 „
718 931 870 986 aeternus
887 920 1000 997 Pater,
1023 941 1076 982 ae·

67 1054 187 1109 tcrnus
208 1040 334 1120 Filius,
357 1051 509 1104 aeternus
525 1035 671 1128 Spiritus
691 1045 859 1105 sanctus‘⁶
885 1045 930 1124 1).
973 1037 1076 1125 Quod

67 1172 192 1242 restat,
214 1160 369 1240 offendit,
399 1181 500 1248 quum
522 1158 713 1224 Fritlericus
730 1159 917 1238 Miiutcrus,
940 1157 997 1246 qui
1010 1153 1076 1222 Se-

68 1279 202 1348 lnndiac
238 1278 431 1368 episcopatu
463 1278 597 1370 structus
620 1289 690 1361 cst,
715 1276 890 1367 animoque
911 1275 1076 1380 fuittalio·

58 1399 152 1489 'quin
176 1398 368 1488 mitissimo,
390 1409 470 1470 tom.
488 1395 506 1462 l
526 1397 655 1488 operist
678 1399 874 1485 „Spuubiutb
892 1403 940 1466 ber
960 1395 1077 1480 sbtiffliz

70 1522 137 1604 ἄκη
165 1517 488 1606 chmeugtidtidtteu
515 1538 592 1606 pag.
621 1519 691 1582 598
717 1518 804 1582 fatur
835 1515 931 1582 talias
978 1517 1077 1602 „Det

69 1638 239 1729 potestne
264 1638 365 1726 sua,
391 1657 497 1710 anau
526 1637 580 1727 tu>
611 1643 660 1706 ur
687 1619 874 1734 uirtutes,
887 1633 1009 1726 (agitur
1034 1613 1083 1699 ιιι

71 1846 283 1862 m

136 1975 285 2049 rodonis,
304 1979 474 2056 stisiam,
497 2000 560 2041 nott
583 1980 697 2060 injuria
721 1981 868 2060 repositus
894 1997 951 2050 est,
976 1999 1079 2057 qnam-

142 2097 231 2151 quam
250 2077 283 2142 in
302 2072 370 2132 aliis
389 2072 488 2134 codici
507 2099 588 2136 sacro
608 2077 911 2136 accommodatissime
930 2077 1029 2134 sentit.

69 2197 102 2272 t)
137 2189 198 2252 Hic
224 2212 344 2274 gravem
374 2193 519 2272 quantiam
549 2185 651 2254 locutu
685 2197 849 2274 Augustini
878 2172 939 2252 non
966 2197 1079 2271 inepta,

140 2286 270 2366 opinor,
289 2289 428 2348 laudabo·
453 2291 686 2368 „aequalitatem
705 2289 851 2348 Patris·
868 2291 997 2346 Filii·-
969 2291 1080 2376 S-pi·

139 2385 217 2440 ritus
241 2385 335 2439 sancti
360 2403 464 2461 putant
490 2385 633 2442 nonnulli
651 2405 688 2444 ex
704 2383 763 2442 hoc
781 2386 942 2460 impediri,
961 2386 1081 2458 quomi-

137 2499 194 2534 nus
212 2473 427 2558 intelligatur,
439 2478 509 2554 quia
539 2478 746 2556 scriptumest
769 2485 783 2535 I
803 2482 883 2535 Cone
876 2479 1081 2546 „Christum

127 2574 199 2638 ,Dei
217 2579 360 2629 virtutem
380 2587 409 2630 et
426 2576 486 2631 Dei
504 2576 721 2650 sapientiam“,
746 2587 779 2631 ut
804 2576 874 2630 ideo
900 2595 961 2628 non
980 2573 1080 2627 videa-

141 2684 192 2725 tur
211 2669 383 2742 aequalitas,
403 2671 471 2745 quia
490 2691 551 2726 non
569 2689 612 2726 stt
630 2674 713 2726 Patet·
729 2672 794 2746 ipse
807 2673 909 2726 uirtus
923 2687 951 2726 et
965 2670 1081 2744 sapien»
1116 2726 1118 2732 ,

140 2762 275 2830 citrensi
294 2765 412 2840 genitor
431 2763 553 2820 virtutis
571 2764 625 2823 rel.
674 2767 755 2820 Hinc
768 2765 908 2821 nonnulii
920 2766 1016 2821 nostri
1031 2764 1081 2818 sd·

139 2873 244 2915 versus
268 2859 394 2915 Arianos
419 2855 478 2914 hoc
502 2861 592 2916 modo
617 2860 788 2916 ratiocinati
814 2877 899 2927 sunt,
931 2879 981 2915 eos
1004 2849 1081 2913 'dun-

139 2969 237 3021 taxat,
258 2953 310 3028 qui
328 2951 411 3028 prius
429 2975 490 3010 sese
509 2955 661 3009 adversum
682 2953 857 3010 catholicam
877 2955 963 3009 fidem
984 2972 1083 3008 erexe-

137 3066 219 3106 runt.
238 3079 274 3092 ·-
289 3077 325 3091 -
341 3085 373 3097 -
391 3049 417 3104 si
435 3051 494 3104 Dei
511 3049 607 3104 Filius
626 3050 722 3105 virtus
742 3067 770 3106 et
788 3050 938 3126 sapientia
949 3049 1008 3104 Dei
1028 3063 1082 3114 ast,

137 3125 343 3221 necunquam
363 3143 486 3199 Deus
464 3166 527 3200 s1ne
547 3147 658 3217 virtute
677 3163 706 3201 et
724 3147 867 3220 sapientia
893 3145 968 3212 fuit,
999 3163 1082 3197 coae-

140 3254 244 3293 ternus
270 3255 313 3294 est
342 3241 408 3294 Deo
436 3242 515 3294 Patri
538 3241 644 3296 Filius
691 3242 777 3298 Dicit
807 3259 904 3296 autam
931 3235 1080 3312 apostolus

141 3332 297 3400 Christum
322 3334 381 3388 Dei
400 3334 542 3389 virtutem
570 3353 597 3390 et
621 3336 681 3404 Dei
707 3335 906 3410 sapientium,
934 3351 963 3388 et
981 3335 1081 3388 Deum

112 3496 118 3506 .
140 3427 304 3502 aliquando
329 3449 389 3483 non
421 3428 558 3484 habuisse
582 3430 726 3495 virtutem
751 3447 802 3500 aut
833 3429 1006 3504 sapientiam
1032 3426 1082 3480 de·

140 3521 252 3578 mentis·
269 3539 312 3578 est
330 3524 436 3602 dicere.
472 3525 538 3578 Non
556 3523 653 3598 igitur
668 3542 727 3579 etat
743 3542 869 3600 tempus,
889 3520 1005 3596 quando
1020 3537 1082 3572 non

142 3634 205 3673 erat
223 3613 359 3674 Filiam
402 3616 546 3673 Perlustra
566 3618 850 3676 excellentissimum
870 3635 944 3692 opus
963 3613 997 3668 de
1015 3611 1081 3666 Tri-

140 3712 253 3780 nitate,
271 3711 325 3770 lib.
335 3715 377 3772 VI
395 3733 490 3788 capr.
526 3715 631 3788 Neque
651 3735 721 3771 vero
737 3715 870 3780 absurda,
889 3713 983 3765 immo
998 3724 1082 3764 acuta
1131 3745 1138 3750 -

144 3823 190 3862 est
207 3807 279 3863 haec
296 3808 399 3864 Ariani
418 3809 505 3863 istius
526 3808 635 3864 decreti
653 3812 810 3878 refutatio,
831 3801 900 3863 dum
919 3805 1081 3880 scripturae

116 3973 119 3979 Ι
141 3921 239 3958 sacrae
257 3902 289 3955 in
308 3903 364 3970 iis,
384 3923 457 3978 quae
477 3904 511 3958 de
535 3904 654 3959 Christo
681 3903 836 3978 perspicue
856 3901 1081 3976 pronunciavit,

138 3997 212 4054 fides
232 3997 267 4052 ad
284 3995 406 4050 ltbrtum
426 4016 463 4051 ne
482 3999 650 4076 derogetur.
684 3999 765 4052 Idem
780 3996 920 4072 quadrare
939 3996 1081 4054 existimo
1112 4045 1120 4060 ,

134 4086 175 4148 'itt
193 4090 278 4148 aliud
295 4091 414 4150 effetum
430 4093 541 4151 eximii
553 4091 963 4172 episcopiHipponisRegiit
981 4094 1079 4162 „Var-
