<?xml version="1.0" encoding="UTF-8"?>
<!DOCTYPE html PUBLIC "-//W3C//DTD XHTML 1.0 Transitional//EN"
    "http://www.w3.org/TR/xhtml1/DTD/xhtml1-transitional.dtd">
<html xmlns="http://www.w3.org/1999/xhtml" xml:lang="en" lang="en">
 <head>
  <title>
</title>
<meta http-equiv="Content-Type" content="text/html;charset=utf-8" />
  <meta name='ocr-system' content='tesseract 3.04.00' />
  <meta name='ocr-capabilities' content='ocr_page ocr_carea ocr_par ocr_line ocrx_word'/>
</head>
<body>
  <div class='ocr_page' id='page_1' title='image "./hermogenesafric00hermgoog_0064.png"; bbox 0 0 2642 4568; ppageno 0'>
   <div class='ocr_carea' id='block_1_1' title="bbox 573 377 705 452">
    <p class='ocr_par' dir='ltr' id='par_1_1' title="bbox 573 377 705 452">
     <span class='ocr_line' id='line_1_1' title="bbox 573 377 705 452; baseline 0.038 -5"><span class='ocrx_word' id='word_1_1' title='bbox 573 377 705 452; x_wconf 82' lang='lat'><strong>27·</strong></span> 
     </span>
    </p>
   </div>
   <div class='ocr_carea' id='block_1_2' title="bbox 90 509 1099 632">
    <p class='ocr_par' dir='ltr' id='par_1_2' title="bbox 90 509 1099 632">
     <span class='ocr_line' id='line_1_2' title="bbox 90 509 1099 632; baseline 0.003 -27"><span class='ocrx_word' id='word_1_2' title='bbox 90 537 258 632; x_wconf 84' lang='lat' dir='ltr'><strong>prolixius</strong></span> <span class='ocrx_word' id='word_1_3' title='bbox 284 535 442 624; x_wconf 82' lang='lat' dir='ltr'><strong>exposui,</strong></span> <span class='ocrx_word' id='word_1_4' title='bbox 471 535 637 606; x_wconf 82' lang='lat' dir='ltr'><strong>haeretiei·</strong></span> <span class='ocrx_word' id='word_1_5' title='bbox 657 549 882 627; x_wconf 73' lang='lat' dir='ltr'><strong>argumentum</strong></span> <span class='ocrx_word' id='word_1_6' title='bbox 914 509 1099 627; x_wconf 75' lang='lat' dir='ltr'><strong>convincit,</strong></span> 
     </span>
    </p>
   </div>
   <div class='ocr_carea' id='block_1_3' title="bbox 90 654 1102 1230">
    <p class='ocr_par' dir='ltr' id='par_1_3' title="bbox 90 654 1102 1230">
     <span class='ocr_line' id='line_1_3' title="bbox 92 654 1102 751; baseline 0.006 -29"><span class='ocrx_word' id='word_1_7' title='bbox 92 657 293 744; x_wconf 74' lang='lat' dir='ltr'><strong>„materiam</strong></span> <span class='ocrx_word' id='word_1_8' title='bbox 314 654 443 719; x_wconf 84' lang='lat' dir='ltr'><strong>scilieet</strong></span> <span class='ocrx_word' id='word_1_9' title='bbox 455 655 574 743; x_wconf 86' lang='lat' dir='ltr'><strong>procul</strong></span> <span class='ocrx_word' id='word_1_10' title='bbox 600 655 699 725; x_wconf 84' lang='lat' dir='ltr'><strong>(lubio</strong></span> <span class='ocrx_word' id='word_1_11' title='bbox 721 679 854 746; x_wconf 80' lang='lat' dir='ltr'><strong>semper</strong></span> <span class='ocrx_word' id='word_1_12' title='bbox 874 659 1003 745; x_wconf 82' lang='lat' dir='ltr'><strong>fuisse,</strong></span> <span class='ocrx_word' id='word_1_13' title='bbox 1026 663 1102 751; x_wconf 86' lang='lat' dir='ltr'><strong>quie</strong></span> 
     </span>
     <span class='ocr_line' id='line_1_4' title="bbox 90 773 1102 869; baseline 0 -24"><span class='ocrx_word' id='word_1_14' title='bbox 90 778 189 846; x_wconf 83' lang='lat' dir='ltr'><strong>Deus</strong></span> <span class='ocrx_word' id='word_1_15' title='bbox 213 799 346 864; x_wconf 86' lang='lat' dir='ltr'><strong>semper</strong></span> <span class='ocrx_word' id='word_1_16' title='bbox 361 773 463 842; x_wconf 76' lang='lat' dir='ltr'><strong>fuerit</strong></span> <span class='ocrx_word' id='word_1_17' title='bbox 481 774 691 842; x_wconf 83' lang='lat' dir='ltr'><strong>Dominus“.</strong></span> <span class='ocrx_word' id='word_1_18' title='bbox 737 773 927 843; x_wconf 82' lang='lat' dir='ltr'><strong>Occurrunt</strong></span> <span class='ocrx_word' id='word_1_19' title='bbox 953 802 1026 869; x_wconf 86' lang='lat' dir='ltr'><strong>enp.</strong></span> <span class='ocrx_word' id='word_1_20' title='bbox 1048 779 1102 846; x_wconf 86' lang='grc' dir='ltr'><strong>ΙΙΙ</strong></span> 
     </span>
     <span class='ocr_line' id='line_1_5' title="bbox 91 893 1099 989; baseline 0 -25"><span class='ocrx_word' id='word_1_21' title='bbox 91 896 225 964; x_wconf 84' lang='lat' dir='ltr'><strong>advers.</strong></span> <span class='ocrx_word' id='word_1_22' title='bbox 248 893 412 989; x_wconf 70' lang='lat' dir='ltr'><strong>Hermog.</strong></span> <span class='ocrx_word' id='word_1_23' title='bbox 435 894 517 959; x_wconf 82' lang='lat' dir='ltr'><strong>haee</strong></span> <span class='ocrx_word' id='word_1_24' title='bbox 546 903 579 958; x_wconf 80' lang='lat' dir='ltr'><strong>et</strong></span> <span class='ocrx_word' id='word_1_25' title='bbox 604 893 699 958; x_wconf 72' lang='lat' dir='ltr'><strong>talias</strong></span> <span class='ocrx_word' id='word_1_26' title='bbox 751 894 849 978; x_wconf 85' lang='lat' dir='ltr'><strong>„Dei</strong></span> <span class='ocrx_word' id='word_1_27' title='bbox 874 919 996 962; x_wconf 89' lang='lat' dir='ltr'><strong>nomeu</strong></span> <span class='ocrx_word' id='word_1_28' title='bbox 1018 897 1099 964; x_wconf 79' lang='lat' dir='ltr'><strong>diei·</strong></span> 
     </span>
     <span class='ocr_line' id='line_1_6' title="bbox 91 1011 1100 1104; baseline 0.001 -21"><span class='ocrx_word' id='word_1_29' title='bbox 91 1039 167 1083; x_wconf 89' lang='lat' dir='ltr'><strong>mus</strong></span> <span class='ocrx_word' id='word_1_30' title='bbox 195 1037 327 1104; x_wconf 85' lang='lat' dir='ltr'><strong>semper</strong></span> <span class='ocrx_word' id='word_1_31' title='bbox 351 1011 457 1077; x_wconf 83' lang='lat' dir='ltr'><strong>fuisse</strong></span> <span class='ocrx_word' id='word_1_32' title='bbox 485 1011 573 1100; x_wconf 85' lang='lat' dir='ltr'><strong>apud</strong></span> <span class='ocrx_word' id='word_1_33' title='bbox 600 1013 829 1104; x_wconf 62' lang='lat' dir='ltr'><strong>semetipsum*</strong></span> <span class='ocrx_word' id='word_1_34' title='bbox 852 1025 885 1079; x_wconf 85' lang='lat' dir='ltr'><strong>et</strong></span> <span class='ocrx_word' id='word_1_35' title='bbox 917 1014 952 1078; x_wconf 86' lang='lat' dir='ltr'><strong>in</strong></span> <span class='ocrx_word' id='word_1_36' title='bbox 982 1027 1100 1084; x_wconf 85' lang='lat' dir='ltr'><strong>semet·</strong></span> 
     </span>
     <span class='ocr_line' id='line_1_7' title="bbox 91 1131 1100 1230; baseline 0 -28"><span class='ocrx_word' id='word_1_37' title='bbox 91 1135 169 1230; x_wconf 89' lang='lat' dir='ltr'><strong>ipso</strong></span> <span class='ocrx_word' id='word_1_38' title='bbox 186 1139 240 1218; x_wconf 89' lang='lat'><strong>1),</strong></span> <span class='ocrx_word' id='word_1_39' title='bbox 261 1131 441 1202; x_wconf 83' lang='lat' dir='ltr'><strong>Dominum</strong></span> <span class='ocrx_word' id='word_1_40' title='bbox 458 1154 540 1204; x_wconf 80' lang='lat' dir='ltr'><strong>vero</strong></span> <span class='ocrx_word' id='word_1_41' title='bbox 559 1131 599 1218; x_wconf 80' lang='lat' dir='ltr'><strong>(i.</strong></span> <span class='ocrx_word' id='word_1_42' title='bbox 621 1153 653 1200; x_wconf 86' lang='lat' dir='ltr'><strong>e.</strong></span> <span class='ocrx_word' id='word_1_43' title='bbox 676 1131 812 1201; x_wconf 82' lang='lat' dir='ltr'><strong>Domini</strong></span> <span class='ocrx_word' id='word_1_44' title='bbox 830 1156 964 1218; x_wconf 87' lang='lat' dir='ltr'><strong>nomen,</strong></span> <span class='ocrx_word' id='word_1_45' title='bbox 987 1159 1100 1225; x_wconf 72' lang='lat' dir='ltr'><strong>quern</strong></span> 
     </span>
    </p>
   </div>
   <div class='ocr_carea' id='block_1_4' title="bbox 95 1341 308 1366">
    <p class='ocr_par' dir='ltr' id='par_1_4' title="bbox 95 1341 308 1366">
     <span class='ocr_line' id='line_1_8' title="bbox 95 1341 308 1366; baseline 0.009 -2"><span class='ocrx_word' id='word_1_46' title='bbox 95 1341 308 1366; x_wconf 62' lang='grc' dir='ltr'><strong>-ι-ι-ψ-υ-ιη</strong></span> 
     </span>
    </p>
   </div>
   <div class='ocr_carea' id='block_1_5' title="bbox 67 1477 1198 4112">
    <p class='ocr_par' dir='ltr' id='par_1_5' title="bbox 94 1477 1198 2495">
     <span class='ocr_line' id='line_1_9' title="bbox 94 1477 1102 1560; baseline 0.003 -22"><span class='ocrx_word' id='word_1_47' title='bbox 94 1481 125 1555; x_wconf 89' lang='lat' dir='ltr'><strong>s)</strong></span> <span class='ocrx_word' id='word_1_48' title='bbox 160 1479 207 1546; x_wconf 75' lang='lat' dir='ltr'><strong>Ad</strong></span> <span class='ocrx_word' id='word_1_49' title='bbox 221 1480 315 1542; x_wconf 81' lang='lat' dir='ltr'><strong>instar</strong></span> <span class='ocrx_word' id='word_1_50' title='bbox 331 1481 485 1560; x_wconf 80' lang='lat' dir='ltr'><strong>ingeniosi</strong></span> <span class='ocrx_word' id='word_1_51' title='bbox 501 1477 639 1540; x_wconf 77' lang='lat' dir='ltr'><strong>Philonis</strong></span> <span class='ocrx_word' id='word_1_52' title='bbox 656 1477 796 1548; x_wconf 80' lang='lat' dir='ltr'><strong>Hebraei,</strong></span> <span class='ocrx_word' id='word_1_53' title='bbox 814 1479 889 1556; x_wconf 86' lang='lat' dir='ltr'><strong>quin</strong></span> <span class='ocrx_word' id='word_1_54' title='bbox 906 1481 994 1538; x_wconf 86' lang='lat' dir='ltr'><strong>etlam</strong></span> <span class='ocrx_word' id='word_1_55' title='bbox 1003 1481 1102 1540; x_wconf 71' lang='lat' dir='ltr'><strong>Plato-</strong></span> 
     </span>
     <span class='ocr_line' id='line_1_10' title="bbox 161 1574 1100 1652; baseline 0.005 -24"><span class='ocrx_word' id='word_1_56' title='bbox 161 1574 210 1638; x_wconf 71' lang='lat' dir='ltr'><strong>nis</strong></span> <span class='ocrx_word' id='word_1_57' title='bbox 229 1591 324 1650; x_wconf 82' lang='lat' dir='ltr'><strong>patres</strong></span> <span class='ocrx_word' id='word_1_58' title='bbox 346 1575 510 1646; x_wconf 85' lang='lat' dir='ltr'><strong>nonnulli,</strong></span> <span class='ocrx_word' id='word_1_59' title='bbox 533 1577 613 1632; x_wconf 88' lang='lat' dir='ltr'><strong>inter</strong></span> <span class='ocrx_word' id='word_1_60' title='bbox 631 1595 706 1651; x_wconf 91' lang='lat' dir='ltr'><strong>quos</strong></span> <span class='ocrx_word' id='word_1_61' title='bbox 729 1575 865 1636; x_wconf 87' lang='lat' dir='ltr'><strong>Justinus</strong></span> <span class='ocrx_word' id='word_1_62' title='bbox 889 1577 1005 1652; x_wconf 83' lang='lat' dir='ltr'><strong>Martyr</strong></span> <span class='ocrx_word' id='word_1_63' title='bbox 1027 1579 1100 1646; x_wconf 79' lang='lat' dir='ltr'><strong>luit,</strong></span> 
     </span>
     <span class='ocr_line' id='line_1_11' title="bbox 162 1667 1198 1751; baseline 0.004 -25"><span class='ocrx_word' id='word_1_64' title='bbox 162 1668 300 1732; x_wconf 80' lang='lat' dir='ltr'><strong>arbitrati</strong></span> <span class='ocrx_word' id='word_1_65' title='bbox 317 1685 404 1738; x_wconf 90' lang='lat' dir='ltr'><strong>sunt,</strong></span> <span class='ocrx_word' id='word_1_66' title='bbox 422 1688 573 1726; x_wconf 87' lang='lat' dir='ltr'><strong>summum</strong></span> <span class='ocrx_word' id='word_1_67' title='bbox 590 1672 712 1728; x_wconf 82' lang='lat' dir='ltr'><strong>Numen</strong></span> <span class='ocrx_word' id='word_1_68' title='bbox 729 1669 852 1727; x_wconf 88' lang='lat' dir='ltr'><strong>nomine</strong></span> <span class='ocrx_word' id='word_1_69' title='bbox 866 1667 968 1751; x_wconf 88' lang='lat' dir='ltr'><strong>aliquo</strong></span> <span class='ocrx_word' id='word_1_70' title='bbox 993 1691 1099 1735; x_wconf 86' lang='lat' dir='ltr'><strong>carere.</strong></span> <span class='ocrx_word' id='word_1_71' title='bbox 1195 1699 1198 1706; x_wconf 89' lang='grc'>·</span> 
     </span>
     <span class='ocr_line' id='line_1_12' title="bbox 161 1761 1102 1840; baseline -0.005 -19"><span class='ocrx_word' id='word_1_72' title='bbox 161 1765 269 1838; x_wconf 84' lang='lat' dir='ltr'><strong>Neque</strong></span> <span class='ocrx_word' id='word_1_73' title='bbox 289 1761 433 1840; x_wconf 78' lang='lat' dir='ltr'><strong>Origenes</strong></span> <span class='ocrx_word' id='word_1_74' title='bbox 451 1764 558 1819; x_wconf 87' lang='lat' dir='ltr'><strong>inscite</strong></span> <span class='ocrx_word' id='word_1_75' title='bbox 576 1781 678 1820; x_wconf 88' lang='lat' dir='ltr'><strong>monet</strong></span> <span class='ocrx_word' id='word_1_76' title='bbox 703 1780 800 1820; x_wconf 86' lang='lat' dir='ltr'><strong>contra</strong></span> <span class='ocrx_word' id='word_1_77' title='bbox 824 1761 962 1833; x_wconf 82' lang='lat' dir='ltr'><strong>Celsum,</strong></span> <span class='ocrx_word' id='word_1_78' title='bbox 987 1766 1037 1821; x_wconf 89' lang='lat' dir='ltr'><strong>oui</strong></span> <span class='ocrx_word' id='word_1_79' title='bbox 1056 1787 1102 1822; x_wconf 88' lang='lat' dir='ltr'><strong>es.</strong></span> 
     </span>
     <span class='ocr_line' id='line_1_13' title="bbox 163 1845 1103 1935; baseline 0.005 -21"><span class='ocrx_word' id='word_1_80' title='bbox 163 1856 232 1914; x_wconf 81' lang='lat' dir='ltr'><strong>dem</strong></span> <span class='ocrx_word' id='word_1_81' title='bbox 250 1854 380 1932; x_wconf 74' lang='lat' dir='ltr'><strong>placeret</strong></span> <span class='ocrx_word' id='word_1_82' title='bbox 398 1845 519 1932; x_wconf 81' lang='lat' dir='ltr'><strong>opinio:</strong></span> <span class='ocrx_word' id='word_1_83' title='bbox 553 1859 610 1926; x_wconf 87' lang='lat' dir='ltr'><strong>„si</strong></span> <span class='ocrx_word' id='word_1_84' title='bbox 628 1857 731 1913; x_wconf 85' lang='lat' dir='ltr'><strong>Celsus</strong></span> <span class='ocrx_word' id='word_1_85' title='bbox 749 1857 908 1935; x_wconf 68' lang='lat' dir='ltr'><strong>signium,</strong></span> <span class='ocrx_word' id='word_1_86' title='bbox 925 1877 987 1914; x_wconf 92' lang='lat' dir='ltr'><strong>non</strong></span> <span class='ocrx_word' id='word_1_87' title='bbox 1005 1861 1103 1920; x_wconf 79' lang='lat' dir='ltr'><strong>adesse</strong></span> 
     </span>
     <span class='ocr_line' id='line_1_14' title="bbox 165 1935 1101 2029; baseline 0.006 -21"><span class='ocrx_word' id='word_1_88' title='bbox 165 1951 340 2014; x_wconf 78' lang='lat' dir='ltr'><strong>istiusmodi</strong></span> <span class='ocrx_word' id='word_1_89' title='bbox 364 1949 472 2020; x_wconf 85' lang='lat' dir='ltr'><strong>verbs,</strong></span> <span class='ocrx_word' id='word_1_90' title='bbox 496 1971 548 2029; x_wconf 87' lang='lat' dir='ltr'><strong>per</strong></span> <span class='ocrx_word' id='word_1_91' title='bbox 572 1972 645 2028; x_wconf 85' lang='lat' dir='ltr'><strong>quse</strong></span> <span class='ocrx_word' id='word_1_92' title='bbox 668 1953 728 2008; x_wconf 90' lang='lat' dir='ltr'><strong>Dei</strong></span> <span class='ocrx_word' id='word_1_93' title='bbox 751 1953 945 2028; x_wconf 77' lang='lat' dir='ltr'><strong>proprietates</strong></span> <span class='ocrx_word' id='word_1_94' title='bbox 976 1935 1101 2024; x_wconf 72' lang='lat' dir='ltr'><strong>periente</strong></span> 
     </span>
     <span class='ocr_line' id='line_1_15' title="bbox 161 2046 1102 2128; baseline -0.002 -26"><span class='ocrx_word' id='word_1_95' title='bbox 161 2061 437 2123; x_wconf 80' lang='lat' dir='ltr'><strong>repraesententur,</strong></span> <span class='ocrx_word' id='word_1_96' title='bbox 454 2065 524 2104; x_wconf 81' lang='lat' dir='ltr'><strong>vere</strong></span> <span class='ocrx_word' id='word_1_97' title='bbox 537 2046 741 2128; x_wconf 78' lang='lat' dir='ltr'><strong>loquutum“·</strong></span> <span class='ocrx_word' id='word_1_98' title='bbox 775 2046 858 2104; x_wconf 88' lang='lat' dir='ltr'><strong>Idem</strong></span> <span class='ocrx_word' id='word_1_99' title='bbox 876 2067 949 2105; x_wconf 82' lang='lat' dir='ltr'><strong>vero</strong></span> <span class='ocrx_word' id='word_1_100' title='bbox 967 2046 1102 2105; x_wconf 78' lang='lat' dir='ltr'><strong>laudabi-</strong></span> 
     </span>
     <span class='ocr_line' id='line_1_16' title="bbox 162 2134 1100 2217; baseline 0.005 -22"><span class='ocrx_word' id='word_1_101' title='bbox 162 2138 235 2204; x_wconf 87' lang='lat' dir='ltr'><strong>liter</strong></span> <span class='ocrx_word' id='word_1_102' title='bbox 253 2139 409 2217; x_wconf 77' lang='lat' dir='ltr'><strong>adjungite</strong></span> <span class='ocrx_word' id='word_1_103' title='bbox 437 2141 494 2209; x_wconf 90' lang='lat' dir='ltr'><strong>„si</strong></span> <span class='ocrx_word' id='word_1_104' title='bbox 515 2142 616 2196; x_wconf 88' lang='lat' dir='ltr'><strong>Deum</strong></span> <span class='ocrx_word' id='word_1_105' title='bbox 631 2139 793 2198; x_wconf 82' lang='lat' dir='ltr'><strong>nominare</strong></span> <span class='ocrx_word' id='word_1_106' title='bbox 815 2142 939 2200; x_wconf 86' lang='lat' dir='ltr'><strong>nonnisi</strong></span> <span class='ocrx_word' id='word_1_107' title='bbox 962 2134 1100 2209; x_wconf 70' lang='lat' dir='ltr'><strong>boo‘sita</strong></span> 
     </span>
     <span class='ocr_line' id='line_1_17' title="bbox 162 2233 1101 2316; baseline 0.012 -29"><span class='ocrx_word' id='word_1_108' title='bbox 162 2233 301 2316; x_wconf 81' lang='lat' dir='ltr'><strong>quasdam</strong></span> <span class='ocrx_word' id='word_1_109' title='bbox 321 2235 448 2300; x_wconf 74' lang='lat' dir='ltr'><strong>virtutes</strong></span> <span class='ocrx_word' id='word_1_110' title='bbox 465 2235 526 2298; x_wconf 87' lang='lat' dir='ltr'><strong>Dei</strong></span> <span class='ocrx_word' id='word_1_111' title='bbox 543 2233 642 2291; x_wconf 83' lang='lat' dir='ltr'><strong>verbis</strong></span> <span class='ocrx_word' id='word_1_112' title='bbox 660 2234 812 2312; x_wconf 85' lang='lat' dir='ltr'><strong>aliquibus</strong></span> <span class='ocrx_word' id='word_1_113' title='bbox 839 2237 970 2313; x_wconf 85' lang='lat' dir='ltr'><strong>aperire,</strong></span> <span class='ocrx_word' id='word_1_114' title='bbox 994 2258 1101 2314; x_wconf 81' lang='lat' dir='ltr'><strong>nempe</strong></span> 
     </span>
     <span class='ocr_line' id='line_1_18' title="bbox 163 2327 1102 2412; baseline 0.003 -26"><span class='ocrx_word' id='word_1_115' title='bbox 163 2345 199 2386; x_wconf 84' lang='lat' dir='ltr'><strong>nt</strong></span> <span class='ocrx_word' id='word_1_116' title='bbox 216 2330 336 2390; x_wconf 87' lang='lat' dir='ltr'><strong>auditor</strong></span> <span class='ocrx_word' id='word_1_117' title='bbox 353 2329 389 2384; x_wconf 86' lang='lat' dir='ltr'><strong>ad</strong></span> <span class='ocrx_word' id='word_1_118' title='bbox 407 2327 553 2392; x_wconf 81' lang='lat' dir='ltr'><strong>nonnulle</strong></span> <span class='ocrx_word' id='word_1_119' title='bbox 571 2348 659 2403; x_wconf 86' lang='lat' dir='ltr'><strong>super</strong></span> <span class='ocrx_word' id='word_1_120' title='bbox 675 2331 742 2387; x_wconf 88' lang='lat' dir='ltr'><strong>illis</strong></span> <span class='ocrx_word' id='word_1_121' title='bbox 767 2332 970 2412; x_wconf 81' lang='lat' dir='ltr'><strong>cognoscenda</strong></span> <span class='ocrx_word' id='word_1_122' title='bbox 994 2339 1102 2408; x_wconf 78' lang='lat' dir='ltr'><strong>(qum-</strong></span> 
     </span>
     <span class='ocr_line' id='line_1_19' title="bbox 164 2424 1102 2495; baseline 0.001 -14"><span class='ocrx_word' id='word_1_123' title='bbox 164 2439 230 2481; x_wconf 74' lang='lat' dir='ltr'><strong>urm</strong></span> <span class='ocrx_word' id='word_1_124' title='bbox 247 2424 393 2489; x_wconf 77' lang='lat' dir='ltr'><strong>humanae</strong></span> <span class='ocrx_word' id='word_1_125' title='bbox 411 2439 531 2486; x_wconf 82' lang='lat' dir='ltr'><strong>naturae</strong></span> <span class='ocrx_word' id='word_1_126' title='bbox 549 2441 722 2480; x_wconf 84' lang='lat' dir='ltr'><strong>conoessum</strong></span> <span class='ocrx_word' id='word_1_127' title='bbox 741 2429 809 2495; x_wconf 89' lang='lat' dir='ltr'><strong>est,)</strong></span> <span class='ocrx_word' id='word_1_128' title='bbox 824 2427 1036 2494; x_wconf 79' lang='lat' dir='ltr'><strong>admoveatur,</strong></span> <span class='ocrx_word' id='word_1_129' title='bbox 1054 2426 1102 2482; x_wconf 89' lang='lat' dir='ltr'><strong>in·</strong></span> 
     </span>
    </p>

    <p class='ocr_par' dir='ltr' id='par_1_6' title="bbox 67 2517 1136 4112">
     <span class='ocr_line' id='line_1_20' title="bbox 67 2517 1101 2598; baseline 0.002 -24"><span class='ocrx_word' id='word_1_130' title='bbox 67 2523 70 2530; x_wconf 81' lang='grc'>’</span> <span class='ocrx_word' id='word_1_131' title='bbox 164 2535 267 2594; x_wconf 85' lang='lat' dir='ltr'><strong>epturn</strong></span> <span class='ocrx_word' id='word_1_132' title='bbox 290 2539 349 2581; x_wconf 85' lang='lat' dir='ltr'><strong>nun</strong></span> <span class='ocrx_word' id='word_1_133' title='bbox 374 2537 435 2582; x_wconf 83' lang='lat' dir='ltr'><strong>esse</strong></span> <span class='ocrx_word' id='word_1_134' title='bbox 460 2517 655 2586; x_wconf 71' lang='lat' dir='ltr'><strong>contendere,</strong></span> <span class='ocrx_word' id='word_1_135' title='bbox 679 2519 779 2576; x_wconf 87' lang='lat' dir='ltr'><strong>Deum</strong></span> <span class='ocrx_word' id='word_1_136' title='bbox 802 2519 953 2578; x_wconf 86' lang='lat' dir='ltr'><strong>nominari</strong></span> <span class='ocrx_word' id='word_1_137' title='bbox 975 2526 1101 2598; x_wconf 85' lang='lat' dir='ltr'><strong>pusse“.</strong></span> 
     </span>
     <span class='ocr_line' id='line_1_21' title="bbox 164 2610 1107 2692; baseline 0.005 -24"><span class='ocrx_word' id='word_1_138' title='bbox 164 2613 318 2672; x_wconf 78' lang='lat' dir='ltr'><strong>Caeterum</strong></span> <span class='ocrx_word' id='word_1_139' title='bbox 344 2622 454 2668; x_wconf 76' lang='lat' dir='ltr'><strong>n‘ornen</strong></span> <span class='ocrx_word' id='word_1_140' title='bbox 472 2613 554 2670; x_wconf 87' lang='lat' dir='ltr'><strong>Deus</strong></span> <span class='ocrx_word' id='word_1_141' title='bbox 579 2631 595 2666; x_wconf 91' lang='lat' dir='ltr'><strong>a</strong></span> <span class='ocrx_word' id='word_1_142' title='bbox 619 2610 737 2680; x_wconf 48' lang='lat' dir='ltr'><strong>„allow</strong></span> <span class='ocrx_word' id='word_1_143' title='bbox 762 2614 914 2680; x_wconf 83' lang='lat' dir='ltr'><strong>derivare,</strong></span> <span class='ocrx_word' id='word_1_144' title='bbox 931 2612 974 2668; x_wconf 89' lang='lat' dir='ltr'><strong>ita</strong></span> <span class='ocrx_word' id='word_1_145' title='bbox 997 2630 1030 2670; x_wconf 93' lang='lat' dir='ltr'><strong>ut</strong></span> <span class='ocrx_word' id='word_1_146' title='bbox 1048 2634 1107 2692; x_wconf 84' lang='lat' dir='ltr'><strong>per</strong></span> 
     </span>
     <span class='ocr_line' id='line_1_22' title="bbox 162 2704 1102 2782; baseline 0.002 -20"><span class='ocrx_word' id='word_1_147' title='bbox 162 2705 245 2762; x_wconf 87' lang='lat' dir='ltr'><strong>illud</strong></span> <span class='ocrx_word' id='word_1_148' title='bbox 263 2725 434 2782; x_wconf 89' lang='lat' dir='ltr'><strong>supremum</strong></span> <span class='ocrx_word' id='word_1_149' title='bbox 452 2704 573 2770; x_wconf 85' lang='lat' dir='ltr'><strong>Numen</strong></span> <span class='ocrx_word' id='word_1_150' title='bbox 585 2707 746 2768; x_wconf 50' lang='lat' dir='ltr'><strong>sistatur«</strong></span> <span class='ocrx_word' id='word_1_151' title='bbox 760 2710 852 2766; x_wconf 89' lang='lat' dir='ltr'><strong>timor</strong></span> <span class='ocrx_word' id='word_1_152' title='bbox 869 2707 941 2773; x_wconf 75' lang='lat' dir='ltr'><strong>iacit</strong></span> <span class='ocrx_word' id='word_1_153' title='bbox 955 2709 1056 2772; x_wconf 73' lang='lat' dir='ltr'><strong>Deos?</strong></span> <span class='ocrx_word' id='word_1_154' title='bbox 1067 2742 1102 2768; x_wconf 72' lang='grc'><strong>-,.</strong></span> 
     </span>
     <span class='ocr_line' id='line_1_23' title="bbox 163 2799 1099 2879; baseline 0.004 -25"><span class='ocrx_word' id='word_1_155' title='bbox 163 2816 266 2866; x_wconf 78' lang='lat' dir='ltr'><strong>natura</strong></span> <span class='ocrx_word' id='word_1_156' title='bbox 285 2800 464 2862; x_wconf 85' lang='lat' dir='ltr'><strong>mortalibus</strong></span> <span class='ocrx_word' id='word_1_157' title='bbox 481 2799 656 2868; x_wconf 85' lang='lat' dir='ltr'><strong>metuenda,</strong></span> <span class='ocrx_word' id='word_1_158' title='bbox 679 2819 744 2856; x_wconf 88' lang='lat' dir='ltr'><strong>mea</strong></span> <span class='ocrx_word' id='word_1_159' title='bbox 762 2815 841 2864; x_wconf 80' lang='lat' dir='ltr'><strong>certe</strong></span> <span class='ocrx_word' id='word_1_160' title='bbox 859 2801 1003 2864; x_wconf 83' lang='lat' dir='ltr'><strong>sententia</strong></span> <span class='ocrx_word' id='word_1_161' title='bbox 1022 2822 1099 2879; x_wconf 86' lang='lat' dir='ltr'><strong>opus</strong></span> 
     </span>
     <span class='ocr_line' id='line_1_24' title="bbox 164 2893 1100 2972; baseline -0.006 -22"><span class='ocrx_word' id='word_1_162' title='bbox 164 2907 226 2960; x_wconf 85' lang='lat' dir='ltr'><strong>non·</strong></span> <span class='ocrx_word' id='word_1_163' title='bbox 244 2911 306 2964; x_wconf 82' lang='lat' dir='ltr'><strong>est,</strong></span> <span class='ocrx_word' id='word_1_164' title='bbox 324 2896 473 2971; x_wconf 84' lang='lat' dir='ltr'><strong>siquidem</strong></span> <span class='ocrx_word' id='word_1_165' title='bbox 492 2893 523 2952; x_wconf 76' lang='grc' dir='ltr'><strong>τὸ</strong></span> <span class='ocrx_word' id='word_1_166' title='bbox 547 2896 688 2962; x_wconf 74' lang='lat' dir='ltr'><strong>‚,Deua‘⁴</strong></span> <span class='ocrx_word' id='word_1_167' title='bbox 711 2894 833 2960; x_wconf 82' lang='lat' dir='ltr'><strong>videtur</strong></span> <span class='ocrx_word' id='word_1_168' title='bbox 853 2893 955 2968; x_wconf 89' lang='lat' dir='ltr'><strong>potius</strong></span> <span class='ocrx_word' id='word_1_169' title='bbox 978 2914 1100 2972; x_wconf 83' lang='lat' dir='ltr'><strong>respon.</strong></span> 
     </span>
     <span class='ocr_line' id='line_1_25' title="bbox 164 2984 1101 3067; baseline 0.001 -20"><span class='ocrx_word' id='word_1_170' title='bbox 164 2989 230 3047; x_wconf 75' lang='lat' dir='ltr'><strong>dere</strong></span> <span class='ocrx_word' id='word_1_171' title='bbox 239 2989 355 3058; x_wconf 76' lang='lat' dir='ltr'><strong>Aeolio,</strong></span> <span class='ocrx_word' id='word_1_172' title='bbox 371 2989 447 3059; x_wconf 74' lang='lat' dir='ltr'><strong>Ataia,</strong></span> <span class='ocrx_word' id='word_1_173' title='bbox 461 2989 542 3067; x_wconf 77' lang='lat' dir='ltr'><strong>quod</strong></span> <span class='ocrx_word' id='word_1_174' title='bbox 555 2987 757 3053; x_wconf 82' lang='lat' dir='ltr'><strong>deducendum</strong></span> <span class='ocrx_word' id='word_1_175' title='bbox 774 3005 816 3050; x_wconf 87' lang='lat' dir='ltr'><strong>eat</strong></span> <span class='ocrx_word' id='word_1_176' title='bbox 830 2986 924 3056; x_wconf 72' lang='lat' dir='ltr'><strong>aZaie,</strong></span> <span class='ocrx_word' id='word_1_177' title='bbox 937 2984 1101 3059; x_wconf 62' lang='lat' dir='ltr'><strong>sisinninm,</strong></span> 
     </span>
     <span class='ocr_line' id='line_1_26' title="bbox 164 3082 1101 3164; baseline 0 -24"><span class='ocrx_word' id='word_1_178' title='bbox 164 3085 279 3150; x_wconf 70' lang='lat' dir='ltr'><strong>Scimus</strong></span> <span class='ocrx_word' id='word_1_179' title='bbox 306 3102 455 3150; x_wconf 70' lang='lat' dir='ltr'><strong>auctorem</strong></span> <span class='ocrx_word' id='word_1_180' title='bbox 480 3085 597 3161; x_wconf 82' lang='lat' dir='ltr'><strong>operia,</strong></span> <span class='ocrx_word' id='word_1_181' title='bbox 616 3083 697 3158; x_wconf 83' lang='lat' dir='ltr'><strong>quod</strong></span> <span class='ocrx_word' id='word_1_182' title='bbox 722 3082 970 3151; x_wconf 84' lang='lat' dir='ltr'><strong>„defiuitiones“</strong></span> <span class='ocrx_word' id='word_1_183' title='bbox 987 3084 1101 3164; x_wconf 80' lang='lat' dir='ltr'><strong>iuscri-</strong></span> 
     </span>
     <span class='ocr_line' id='line_1_27' title="bbox 168 3165 1100 3259; baseline -0.002 -25"><span class='ocrx_word' id='word_1_184' title='bbox 168 3177 261 3245; x_wconf 88' lang='lat' dir='ltr'><strong>bitur,</strong></span> <span class='ocrx_word' id='word_1_185' title='bbox 281 3165 448 3259; x_wconf 76' lang='lat' dir='ltr'><strong>magnoque</strong></span> <span class='ocrx_word' id='word_1_186' title='bbox 465 3177 624 3238; x_wconf 77' lang='lat' dir='ltr'><strong>Athanasio</strong></span> <span class='ocrx_word' id='word_1_187' title='bbox 640 3175 842 3241; x_wconf 70' lang='lat' dir='ltr'><strong>Alexandrino</strong></span> <span class='ocrx_word' id='word_1_188' title='bbox 862 3197 877 3232; x_wconf 88' lang='lat' dir='ltr'><strong>a</strong></span> <span class='ocrx_word' id='word_1_189' title='bbox 901 3197 963 3241; x_wconf 86' lang='lat' dir='ltr'><strong>non</strong></span> <span class='ocrx_word' id='word_1_190' title='bbox 980 3180 1100 3242; x_wconf 79' lang='lat' dir='ltr'><strong>nemine</strong></span> 
     </span>
     <span class='ocr_line' id='line_1_28' title="bbox 165 3268 1099 3344; baseline 0.003 -17"><span class='ocrx_word' id='word_1_191' title='bbox 165 3272 321 3340; x_wconf 71' lang='lat' dir='ltr'><strong>tribuitur,</strong></span> <span class='ocrx_word' id='word_1_192' title='bbox 335 3272 515 3333; x_wconf 80' lang='lat' dir='ltr'><strong>vocabulum</strong></span> <span class='ocrx_word' id='word_1_193' title='bbox 526 3271 590 3340; x_wconf 69' lang='grc' dir='ltr'><strong>Θεᾶς</strong></span> <span class='ocrx_word' id='word_1_194' title='bbox 604 3272 717 3336; x_wconf 85' lang='lat' dir='ltr'><strong>dictum</strong></span> <span class='ocrx_word' id='word_1_195' title='bbox 733 3269 813 3334; x_wconf 84' lang='lat' dir='ltr'><strong>velle</strong></span> <span class='ocrx_word' id='word_1_196' title='bbox 826 3268 941 3336; x_wconf 56' lang='lat' dir='ltr'><strong>oini‘riu</strong></span> <span class='ocrx_word' id='word_1_197' title='bbox 953 3271 1099 3344; x_wconf 68' lang='grc' dir='ltr'><strong>θέεινῆτοι</strong></span> 
     </span>
     <span class='ocr_line' id='line_1_29' title="bbox 167 3365 1101 3444; baseline -0.003 -20"><span class='ocrx_word' id='word_1_198' title='bbox 167 3376 275 3440; x_wconf 69' lang='grc' dir='ltr'><strong>τρέχειν,</strong></span> <span class='ocrx_word' id='word_1_199' title='bbox 294 3366 410 3428; x_wconf 83' lang='lat' dir='ltr'><strong>seilicet</strong></span> <span class='ocrx_word' id='word_1_200' title='bbox 427 3383 570 3444; x_wconf 84' lang='lat' dir='ltr'><strong>quatenus</strong></span> <span class='ocrx_word' id='word_1_201' title='bbox 586 3365 668 3429; x_wconf 79' lang='lat' dir='ltr'><strong>Deua</strong></span> <span class='ocrx_word' id='word_1_202' title='bbox 687 3366 792 3436; x_wconf 71' lang='lat' dir='ltr'><strong>currit,</strong></span> <span class='ocrx_word' id='word_1_203' title='bbox 809 3365 843 3429; x_wconf 85' lang='lat' dir='ltr'><strong>in</strong></span> <span class='ocrx_word' id='word_1_204' title='bbox 861 3385 959 3425; x_wconf 82' lang='lat' dir='ltr'><strong>rerum</strong></span> <span class='ocrx_word' id='word_1_205' title='bbox 979 3367 1101 3428; x_wconf 64' lang='lat' dir='ltr'><strong>univer-r</strong></span> 
     </span>
     <span class='ocr_line' id='line_1_30' title="bbox 165 3445 1100 3538; baseline -0.005 -18"><span class='ocrx_word' id='word_1_206' title='bbox 165 3465 250 3524; x_wconf 73' lang='lat' dir='ltr'><strong>sitite</strong></span> <span class='ocrx_word' id='word_1_207' title='bbox 268 3445 447 3537; x_wconf 82' lang='lat' dir='ltr'><strong>praesentem</strong></span> <span class='ocrx_word' id='word_1_208' title='bbox 467 3479 528 3517; x_wconf 85' lang='lat' dir='ltr'><strong>sese</strong></span> <span class='ocrx_word' id='word_1_209' title='bbox 546 3459 698 3538; x_wconf 67' lang='lat' dir='ltr'><strong>exhibet,</strong></span> <span class='ocrx_word' id='word_1_210' title='bbox 713 3475 781 3532; x_wconf 73' lang='lat' dir='ltr'><strong>aut,</strong></span> <span class='ocrx_word' id='word_1_211' title='bbox 800 3460 953 3535; x_wconf 84' lang='lat' dir='ltr'><strong>quomodo</strong></span> <span class='ocrx_word' id='word_1_212' title='bbox 972 3459 1100 3534; x_wconf 74' lang='lat' dir='ltr'><strong>scriptor</strong></span> 
     </span>
     <span class='ocr_line' id='line_1_31' title="bbox 166 3552 1102 3633; baseline -0.002 -19"><span class='ocrx_word' id='word_1_213' title='bbox 166 3557 375 3623; x_wconf 73' lang='lat' dir='ltr'><strong>definitionum</strong></span> <span class='ocrx_word' id='word_1_214' title='bbox 393 3557 457 3632; x_wconf 86' lang='lat' dir='ltr'><strong>ipae</strong></span> <span class='ocrx_word' id='word_1_215' title='bbox 470 3555 571 3629; x_wconf 71' lang='lat' dir='ltr'><strong>sentit,</strong></span> <span class='ocrx_word' id='word_1_216' title='bbox 587 3572 732 3631; x_wconf 74' lang='lat' dir='ltr'><strong>quatenus,</strong></span> <span class='ocrx_word' id='word_1_217' title='bbox 749 3552 874 3618; x_wconf 82' lang='lat' dir='ltr'><strong>verbum</strong></span> <span class='ocrx_word' id='word_1_218' title='bbox 898 3552 948 3633; x_wconf 70' lang='grc' dir='ltr'><strong>τήν</strong></span> <span class='ocrx_word' id='word_1_219' title='bbox 969 3553 1102 3633; x_wconf 70' lang='grc' dir='ltr'><strong>πρόνοιαν</strong></span> 
     </span>
     <span class='ocr_line' id='line_1_32' title="bbox 150 3645 1100 3720; baseline -0.004 -12"><span class='ocrx_word' id='word_1_220' title='bbox 150 3651 212 3720; x_wconf 51' lang='grc' dir='ltr'><strong>,τοῦ</strong></span> <span class='ocrx_word' id='word_1_221' title='bbox 248 3649 315 3708; x_wconf 70' lang='grc' dir='ltr'><strong>Θεοῦ</strong></span> <span class='ocrx_word' id='word_1_222' title='bbox 357 3652 481 3718; x_wconf 78' lang='lat' dir='ltr'><strong>indicat,</strong></span> <span class='ocrx_word' id='word_1_223' title='bbox 547 3650 607 3715; x_wconf 69' lang='lat' dir='ltr'><strong>Sed&#39;</strong></span> <span class='ocrx_word' id='word_1_224' title='bbox 638 3650 710 3705; x_wconf 90' lang='lat' dir='ltr'><strong>haeo</strong></span> <span class='ocrx_word' id='word_1_225' title='bbox 739 3645 824 3710; x_wconf 78' lang='lat' dir='ltr'><strong>vocis</strong></span> <span class='ocrx_word' id='word_1_226' title='bbox 858 3645 922 3704; x_wconf 74' lang='grc' dir='ltr'><strong>Θεῦε</strong></span> <span class='ocrx_word' id='word_1_227' title='bbox 953 3648 1100 3713; x_wconf 69' lang='lat' dir='ltr'><strong>derivatio</strong></span> 
     </span>
     <span class='ocr_line' id='line_1_33' title="bbox 166 3741 1099 3820; baseline -0.003 -17"><span class='ocrx_word' id='word_1_228' title='bbox 166 3765 267 3811; x_wconf 88' lang='lat' dir='ltr'><strong>utrum</strong></span> <span class='ocrx_word' id='word_1_229' title='bbox 286 3766 355 3810; x_wconf 75' lang='lat' dir='ltr'><strong>vera</strong></span> <span class='ocrx_word' id='word_1_230' title='bbox 374 3747 432 3814; x_wconf 88' lang='lat' dir='ltr'><strong>sit,</strong></span> <span class='ocrx_word' id='word_1_231' title='bbox 450 3763 505 3800; x_wconf 86' lang='lat' dir='ltr'><strong>neo</strong></span> <span class='ocrx_word' id='word_1_232' title='bbox 521 3764 579 3820; x_wconf 80' lang='lat' dir='ltr'><strong>ne,</strong></span> <span class='ocrx_word' id='word_1_233' title='bbox 596 3744 630 3799; x_wconf 89' lang='lat' dir='ltr'><strong>in</strong></span> <span class='ocrx_word' id='word_1_234' title='bbox 648 3743 782 3808; x_wconf 81' lang='lat' dir='ltr'><strong>medium</strong></span> <span class='ocrx_word' id='word_1_235' title='bbox 800 3741 1015 3816; x_wconf 81' lang='lat' dir='ltr'><strong>relinquamus.</strong></span> <span class='ocrx_word' id='word_1_236' title='bbox 1039 3747 1099 3806; x_wconf 62' lang='lat' dir='ltr'><strong>An·</strong></span> 
     </span>
     <span class='ocr_line' id='line_1_34' title="bbox 165 3823 1099 3918; baseline -0.004 -21"><span class='ocrx_word' id='word_1_237' title='bbox 165 3861 227 3908; x_wconf 73' lang='lat' dir='ltr'><strong>non</strong></span> <span class='ocrx_word' id='word_1_238' title='bbox 251 3855 349 3902; x_wconf 80' lang='lat' dir='ltr'><strong>autam</strong></span> <span class='ocrx_word' id='word_1_239' title='bbox 374 3857 417 3895; x_wconf 82' lang='lat' dir='ltr'><strong>est</strong></span> <span class='ocrx_word' id='word_1_240' title='bbox 439 3840 569 3909; x_wconf 82' lang='lat' dir='ltr'><strong>mirum,</strong></span> <span class='ocrx_word' id='word_1_241' title='bbox 593 3838 674 3918; x_wconf 74' lang='lat' dir='ltr'><strong>quod,</strong></span> <span class='ocrx_word' id='word_1_242' title='bbox 696 3823 847 3908; x_wconf 66' lang='lat' dir='ltr'><strong>Numen„¹</strong></span> <span class='ocrx_word' id='word_1_243' title='bbox 864 3855 992 3898; x_wconf 81' lang='lat' dir='ltr'><strong>sumtnsa</strong></span> <span class='ocrx_word' id='word_1_244' title='bbox 1017 3857 1099 3893; x_wconf 66' lang='lat' dir='ltr'><strong>com·</strong></span> 
     </span>
     <span class='ocr_line' id='line_1_35' title="bbox 163 3929 1101 4021; baseline -0.006 -27"><span class='ocrx_word' id='word_1_245' title='bbox 163 3938 288 4021; x_wconf 86' lang='lat' dir='ltr'><strong>plexum</strong></span> <span class='ocrx_word' id='word_1_246' title='bbox 308 3933 522 4010; x_wconf 81' lang='lat' dir='ltr'><strong>perfectiones,</strong></span> <span class='ocrx_word' id='word_1_247' title='bbox 547 3930 626 4006; x_wconf 86' lang='lat' dir='ltr'><strong>apud</strong></span> <span class='ocrx_word' id='word_1_248' title='bbox 644 3944 689 3986; x_wconf 88' lang='lat' dir='ltr'><strong>tot</strong></span> <span class='ocrx_word' id='word_1_249' title='bbox 706 3932 840 3988; x_wconf 87' lang='lat' dir='ltr'><strong>nationes</strong></span> <span class='ocrx_word' id='word_1_250' title='bbox 867 3946 1007 4006; x_wconf 69' lang='lat' dir='ltr'><strong>quattuor</strong></span> <span class='ocrx_word' id='word_1_251' title='bbox 1031 3929 1101 3988; x_wconf 70' lang='lat' dir='ltr'><strong>lita-</strong></span> 
     </span>
     <span class='ocr_line' id='line_1_36' title="bbox 168 4009 1136 4112; baseline -0.007 -23"><span class='ocrx_word' id='word_1_252' title='bbox 168 4031 210 4097; x_wconf 79' lang='lat' dir='ltr'><strong>ris</strong></span> <span class='ocrx_word' id='word_1_253' title='bbox 228 4013 422 4103; x_wconf 74' lang='lat' dir='ltr'><strong>enunoiatur,</strong></span> <span class='ocrx_word' id='word_1_254' title='bbox 449 4043 482 4086; x_wconf 89' lang='lat' dir='ltr'><strong>ut</strong></span> <span class='ocrx_word' id='word_1_255' title='bbox 500 4027 579 4112; x_wconf 82' lang='lat' dir='ltr'><strong>apud</strong></span> <span class='ocrx_word' id='word_1_256' title='bbox 596 4028 739 4104; x_wconf 81' lang='lat' dir='ltr'><strong>Graeeos,</strong></span> <span class='ocrx_word' id='word_1_257' title='bbox 766 4027 928 4094; x_wconf 71' lang='lat' dir='ltr'><strong>Germanos·</strong></span> <span class='ocrx_word' id='word_1_258' title='bbox 946 4025 994 4108; x_wconf 75' lang='lat' dir='ltr'><strong>(in</strong></span> <span class='ocrx_word' id='word_1_259' title='bbox 1016 4025 1101 4108; x_wconf 50' lang='lat' dir='ltr'><strong>mett,</strong></span> <span class='ocrx_word' id='word_1_260' title='bbox 1132 4009 1136 4024; x_wconf 63' lang='grc'>’</span> 
     </span>
    </p>
   </div>
   <div class='ocr_carea' id='block_1_6' title="bbox 0 0 1332 4568">
    <p class='ocr_par' dir='ltr' id='par_1_7' title="bbox 0 0 1332 4568">
     <span class='ocr_line' id='line_1_37' title="bbox 0 0 1332 4568; baseline 0 0"><span class='ocrx_word' id='word_1_261' title='bbox 0 0 1332 4568; x_wconf 95' lang='lat' dir='ltr'><strong> </strong></span> 
     </span>
    </p>
   </div>
  </div>
 </body>
</html>
