2634 4568
702 330 782 401 180

165 574 170 592 ,
246 501 379 559 testatus
399 501 461 576 est,
484 469 870 572 diceus='‚‚„1'rendite
889 485 986 551 uobis
1002 465 1123 590 'vulpes
1142 487 1238 554 mini.

248 631 316 677 mes
324 639 346 693 ‚·
365 608 615 675 exterminantes
632 607 760 674 vineam
770 604 904 671 Domini
921 601 1136 672 deatoris“
1149 611 1174 652 ‘⁶
1187 605 1234 695 ι).

314 813 316 818 .
333 760 463 848 Quodsi
484 741 630 827 defendit
650 757 849 841 Walchius,
876 755 1024 824 obtinere
1045 756 1238 848 opinionum

139 919 141 924 ,
247 891 281 945 et
301 878 483 960 actionum,
503 902 593 968 quas
617 877 713 942 modo
734 875 1020 966 perlustravimus,
1056 853 1239 968 perfectum

249 995 437 1085 apudalios
459 1007 607 1062 auctores
626 992 842 1061 accuratiores
859 974 1047 1082 penuriam,
1068 991 1105 1056 in
1124 1015 1238 1059 errore

220 1116 221 1122 ’
248 1122 415 1196 versatur,
445 1105 727 1203 quandoquidem,
755 1108 917 1200 quomodo
937 1109 993 1175 vel
1023 1132 1064 1174 ex
1086 1110 1239 1176 observa·

139 1324 144 1329 ῃ
244 1231 389 1297 tionibus
407 1253 426 1296 ι
445 1230 598 1299 Fabricio
621 1231 707 1296 libro
733 1227 901 1294 philastrii
928 1226 1094 1317 adspersis
1116 1229 1238 1322 coguo-

248 1371 342 1414 sccrc
343 1347 543 1436 potuisset,
568 1349 698 1438 ignotus
719 1347 777 1412 ille
798 1369 907 1436 neque
927 1368 1007 1412 vcro
1029 1355 1239 1414 contemnen-

126 1481 128 1485 ’
248 1465 363 1531 dus
333 1489 396 1544 ιιι,
425 1466 482 1553 qui
504 1464 701 1580 conscripsit
719 1463 1020 1545 Pracdestinatum,
1045 1461 1153 1551 eliqua
1173 1464 1239 1527 huc

185 1658 191 1668 ‚
235 1562 427 1672 'spectantia
455 1581 559 1648 literis
591 1582 805 1672 consignavit.
877 1579 989 1664 Adde,
1019 1571 1136 1669 quod
1126 1603 1163 1644 ιιι
1184 1578 1239 1660 iis,

248 1722 332 1788 quac
349 1699 543 1766 Philostrius
562 1724 662 1790 super
675 1699 880 1768 Hermiotitis
892 1697 1037 1790 prodidit
1050 1697 1238 1781 memoriae,

247 1837 316 1886 uon
337 1817 592 1906 deprehenditur
612 1817 803 1908 quippiam,
839 1842 859 1883 a
882 1815 1165 1904 verisimilitudine
1195 1815 1241 1881 ita

250 1935 388 2003 multum
410 1936 600 2006 abhorrens.
655 1935 783 2026 Nempe
806 1959 963 2027 quaenam
984 1945 1060 2002 suut
1082 1931 1238 2017 sbsurdt,

253 2175 457 2194 m

319 2337 443 2394 omniuo
461 2337 541 2394 nihil
560 2336 672 2403 obstet,
691 2335 852 2413 quominus
868 2335 903 2390 in
924 2335 1020 2411 prims
1038 2337 1205 2398 voculae
1180 2357 1242 2442 sig·

197 2478 201 2489 .
318 2433 490 2490 nifiostionc
515 2433 609 2510 magis
633 2431 981 2508 acquicsots0Dsnotst
1005 2450 1114 2490 exest
1149 2408 1241 2488 iadsts

320 2525 381 2582 sibi
399 2524 555 2600 aliquem
547 2545 581 2580 ru
597 2525 683 2594 rebus
702 2527 815 2584 divinis
832 2543 968 2592 servum,
984 2524 1027 2581 ita
1043 2540 1077 2582 ut
1094 2519 1243 2584 sortituru-

303 2663 306 2669 .
324 2621 383 2687 tis,
411 2637 484 2694 quas
502 2619 647 2676 humanus
664 2639 752 2696 supst
777 2620 818 2676 iis
835 2617 975 2696 magistet
992 2620 1093 2690 fovet,
1121 2620 1243 2678 tenacis·

326 2715 400 2770 sirus
417 2712 576 2770 inhaereat.

251 2831 281 2905 ι)
287 2829 358 2889 iudo
370 2833 438 2888 satis
446 2832 634 2907 perspicuum
648 2828 817 2899 fit‚Brixiso
830 2833 1002 2907 episcopum
1010 2831 1241 2890 similitudinem

303 2945 305 2951 ·
323 2923 485 3000 vulpium,
511 2945 583 2999 quae
602 2941 631 2982 et
648 2919 1070 3002 spndEbechiel..stp.X111,
1087 2907 1244 2998 sinueri-

283 3031 285 3039 ‘
323 3033 384 3084 tur,
403 3009 546 3089 acceptam
564 3019 666 3074 Veteri
679 3019 802 3075 Foederi
819 3019 935 3075 referre.
963 3017 1088 3074 Etiamsi
1102 3019 1244 3095 scripturn

269 3111 276 3130 ⁸
328 3128 366 3167 ex
382 3108 583 3167 boo'Fosdeto
607 3129 621 3164 a
641 3109 798 3168 Philasttio
822 3111 971 3168 laudatum
991 3113 1105 3190 generis
1126 3112 1243 3185 ἀλληγο-

321 3202 397 3279 panai
415 3217 512 3259 totum
530 3216 594 3270 cst,·
614 3229 650 3248 «-
672 3206 706 3260 id
723 3207 804 3282 quod
819 3205 952 3262 noudum
971 3220 1068 3262 tamon
1085 3207 1244 3262 certinimo

331 3297 535 3374 exploratum,
552 3311 700 3372 -potcst
716 3299 816 3356 nihilo
834 3300 933 3356 miuus
951 3300 1067 3376 qnsorir
1099 3315 1197 3357 utrum
1216 3303 1244 3354 11

325 3393 408 3448 Cant.
427 3391 574 3450 Canticor.
594 3409 628 3465 15
652 3393 780 3468 apostoli
803 3391 890 3461 falsi,
913 3393 1160 3467 quemadmodum
1178 3395 1244 3449 Phi·

325 3484 450 3542 lnttrius
462 3457 608 3554 decernit,
627 3486 848 3562 significentur,
865 3507 901 3543 su
917 3505 989 3543 usto
1008 3487 1107 3543 omnia
1125 3489 1246 3544 omuino

323 3576 422 3646 mala,
447 3593 511 3633 tum
536 3578 661 3636 moralis
684 3577 757 3646 illa,
789 3595 823 3636 ut
845 3594 978 3655 peossts,
1002 3597 1066 3637 tum
1088 3581 1244 3648 naturalis,

327 3670 429 3731 relati
445 3659 668 3748 persequutoris
685 3673 803 3750 pagani,
820 3681 876 3749 per*
889 3691 962 3748 quas
985 3671 1079 3728 multa
1102 3674 1245 3752 psmioirs

309 3764 519 3822 sectatoribus
536 3768 664 3822 Domini
685 3768 766 3824 nasci
782 3763 890 3842 qtteat'i
933 3767 1066 3841 Nstr'tqus
1077 3768 1116 3822 'in
1136 3761 1247 3827 Veteris

320 3861 555 3916 Testem-textu
579 3870 640 3917 uo'tt
664 3861 761 3917 solutu
786 3861 890 3938 vulpes
915 3881 1041 3934 paruas,
1075 3862 1126 3917 sod
1144 3847 1269 3937 vulpes

268 3963 271 3973 ·
324 3953 455 4010 stirmis
474 3960 629 4013 uniuersum
646 3955 835 4016 inducuntur.
866 3947 995 4022 ‘Videtur
1015 3971 1183 4032 retempto
1203 3956 1247 4014 iu·
