2642 4568
537 365 586 436 21

45 529 74 597 si
104 550 178 594 nou
203 537 237 592 et
262 525 325 592 hoe
354 536 492 616 potens,
525 545 568 588 ex
587 520 699 612 ¹nilrilu
727 523 835 590 omnia
861 526 1059 615 prolerre“.

43 637 133 714 lnde
164 644 294 712 videtur
321 668 396 710 esse
417 642 654 735 perspicuum,
699 644 900 710 haereticum
930 645 1061 712 Tertul-

42 755 266 833 lianiseltem
286 763 414 849 judicio
439 761 629 843 censuisse,
658 759 768 825 Deum
789 761 941 856 <pectens
972 765 1061 831 haud

43 855 182 966 valens,
216 905 325 948 rerum
346 881 592 949 universitatem
615 904 658 945 ex
677 879 780 944 nihilo
804 881 988 970 producere
1012 881 1057 972 1).

43 1003 125 1068 lloe
149 1012 275 1082 autem,
301 999 381 1089 quin
408 989 526 1094 δόγμα
553 998 687 1088 aliquod
702 997 926 1089 Hermogenis
943 999 1057 1084 fuerit,
1147 992 1149 997 ¹

44 1117 173 1209 oppido
203 1117 338 1184 dssbium
366 1127 435 1201 est,
466 1117 566 1184 immo
598 1116 779 1208 Septimius
810 1117 897 1183 hand
921 1118 992 1184 seio
1016 1142 1059 1184 an

45 1239 135 1307 istud
170 1261 215 1304 ex
250 1261 290 1304 eo
326 1237 530 1304 solummodo
545 1237 726 1328 coegerit,
762 1236 852 1328 quod
874 1236 1060 1304 haereticus
1102 1287 1106 1306 .

45 1336 198 1424 uniuersi
207 1379 249 1422 ex
260 1354 395 1420 materie
407 1356 615 1443 praejacente
628 1355 882 1447 produetIonem
906 1354 1057 1446 gnaviter

49 1473 263 1559 defenderat,
302 1473 466 1564 quomodo
502 1474 635 1541 omnino
669 1473 893 1541 Tertullianus
925 1471 967 1538 ad
1001 1472 1058 1540 eli·

51 1619 128 1684 quas
164 1593 320 1683 sequelae
351 1617 394 1659 ex
421 1591 564 1659 decretis
600 1589 861 1659 adversariorum
889 1591 1056 1658 faciendas

47 1715 261 1779 vehementer
292 1710 451 1802 proclivis
485 1721 587 1798 eratq—
613 1710 649 1777 id
678 1710 767 1800 quod
802 1708 924 1800 scripta
953 1711 1056 1799 patris

50 1823 227 1930 πολεμικοὶ
259 1837 337 1897 satis
360 1853 526 1921 superque
549 1829 741 1896 eoulirment
756 1830 802 1922 2).
845 1827 966 1902 Stauris
984 1852 1057 1897 mee

50 1983 202 2076 opinione
231 1981 485 2076 Hermogenes,
525 1983 634 2057 Deum
664 1981 816 2080 φυσικῶς
848 1982 892 2076 (i.
926 2007 958 2054 e.
992 2005 1055 2080 pro

51 2100 297 2201 omnipotentia)
321 2101 454 2200 quidem
474 2103 622 2200 potuisse
646 2104 805 2180 mssndnm
820 2102 861 2169 de
883 2102 987 2177 irihilo
1007 2103 1054 2176 ef·

51 2223 168 2310 licere3
197 2244 311 2289 verum
331 2219 456 2310 putavit
476 2221 596 2305 eredo,
627 2211 736 2288 Deum
765 2222 931 2288 moraliter
960 2221 997 2314 (i.
1021 2245 1052 2289 e.

54 2342 232 2409 seeundum
262 2339 440 2405 bonitatem
472 2338 577 2430 suem)
608 2364 678 2406 non
705 2339 854 2430 potuisse
881 2341 1052 2424 mundum,

54 2472 162 2558 utpote
191 2456 246 2536 eui
272 2467 321 2534 tot
347 2466 502 2556 tantaque
530 2457 616 2562 male
640 2457 740 2551 insite
760 2457 844 2544 siut,
880 2480 922 2525 ex
948 2456 1054 2534 nido

55 2671 257 2694 m

56 2797 83 2879 ι)Ι
113 2807 262 2866 Placitum
282 2820 326 2864 est
342 2805 472 2882 Brylio,
494 2805 603 2862 mentis
621 2803 787 2863 subtilitate
805 2803 986 2874 excellenti,
1003 2823 1054 2862 ve.

118 2919 214 2961 terem
237 2899 414 2977 opinionem
438 2899 670 2974 metaphysieam
697 2899 830 2971 (barbare
854 2900 881 2956 si
903 2899 992 2977 loqui
1014 2897 1055 2958 ll·
1141 2919 1153 2928 ’

117 3000 196 3067 ιιι)ι
232 3015 300 3074 „ex
323 2992 424 3051 nihilo
450 2991 531 3048 nihil
555 2994 589 3048 fit
596 2999 647 3066 ,“,
662 2993 790 3050 humens
807 2995 922 3051 ratione
939 2993 1056 3068 judice.

114 3092 191 3149 trice
210 3074 275 3146 esse
288 3104 408 3145 restem.
458 3089 497 3143 Et
521 3105 589 3143 sane
608 3105 740 3169 constet,
763 3089 901 3147 homines
918 3087 1000 3144 nihil
1018 3109 1056 3147 ex

115 3183 219 3242 nihilo
237 3185 333 3240 lacere
349 3199 451 3258 posses
469 3181 617 3239 sedidem
636 3184 670 3238 in
687 3184 786 3238 Deum
804 3199 989 3258 nequaquem
1009 3201 1055 3238 cs.

116 3279 202 3348 dere,
225 3270 372 3334 mentiret
395 3284 466 3332 usus
482 3294 590 3335 rerum.
607 3291 637 3334 et
654 3276 853 3352 experientia,
875 3275 967 3352 idque
985 3275 1053 3337 lues

116 3371 237 3446 quidem
253 3369 374 3426 clarius.

59 3461 86 3534 s)
114 3463 231 3520 lneidss
257 3464 291 3519 in
315 3460 448 3520 similem
466 3464 707 3539 consequentiam
731 3464 809 3536 (vox
825 3479 869 3521 est
886 3462 1054 3536 Ciceronis)

118 3565 180 3636 esp.
197 3559 243 3614 tx
260 3557 327 3616 adv.
344 3559 507 3634 Hermog.,
524 3556 579 3612 ubi
601 3572 700 3613 namet
716 3558 899 3634 Septimius}
921 3560 1053 3627 „Deum

118 3651 292 3709 trumuine
316 3653 476 3724 (Graecum
492 3648 608 3724 τολμᾷν)
634 3651 811 3710 demereris
835 3653 928 3720 usi,“
951 3680 988 3700 -ι
1022 3667 1053 3710 et

117 3746 188 3803 haee
197 3745 404 3824 Hermogenis
421 3744 541 3818 judicio
558 3760 638 3801 reeta
653 3773 690 3798 .-
706 3746 854 3814 „seilicet
870 3745 932 3818 (uti
945 3745 1055 3820 sdjieit

118 3837 293 3915 Septimius)
319 3859 357 3895 ex
372 3839 544 3898 necessitate
562 3837 781 3896 mediocritstis
798 3857 866 3897 suse
884 3839 922 3913 (i.
939 3860 964 3904 e.
983 3844 1078 3920 quis¹
1143 3891 1145 3898 .

120 3933 154 3990 id
176 3931 376 4011 postulaveris
403 3933 465 3996 Dei
491 3932 654 4009 tenuitas),
688 3951 746 4048 qus
775 3952 838 3992 nou
860 3933 991 4016 mluerst
1016 3955 1053 3996 ex

122 4025 219 4090 nihilo
238 4043 327 4092 uss
294 4031 316 4065 “
