2642 4568
237 499 312 570 arlv,
325 493 488 582 Bet-mog.
535 487 627 578 Quin
649 487 762 555 docuit
775 492 829 573 1)r
853 507 953 574 quum
969 483 1009 549 ab
1023 484 1243 577 Hermogene

237 641 296 699 ea,
328 637 411 704 qnae
432 609 496 677 soli
517 595 591 674 Deo
613 606 747 698 propria
767 605 822 686 sit,
844 604 1017 670 aeternitas
1030 611 1065 690 2)
1082 605 1241 674 materiae

235 736 408 814 tribuatur,
423 751 590 820 quumque
604 725 813 792 materiebus
827 722 1036 789 rationeDeo
1051 747 1124 815 par,
1139 724 1244 792 immo

237 855 331 921 Dens
352 853 427 932 fiat,
449 846 651 914 haereticum
665 844 735 932 jam
756 843 837 908 adeo
861 842 945 908 tluos
964 844 1085 910 babere
1099 843 1243 930 deora).

181 1063 185 1067 ι
236 974 307 1040 Res
334 960 434 1046 narei
457 958 517 1057 ‘rtis
540 953 619 1059 ἕμῆν
643 953 776 1057 γνώμην
790 966 826 1046 t)
845 959 891 1026 itt
906 962 1024 1028 habeta
1049 961 1079 1029 ei
1097 984 1166 1028 uon
1187 985 1244 1072 so·

237 1093 308 1158 lum
326 1089 435 1152 Deum
462 1099 645 1161 summurn,
681 1077 742 1144 sed
766 1079 974 1158 etiamaliud
1008 1079 1109 1169 quid,
1150 1081 1246 1171 quod

212 1222 330 1296 ¹entre
359 1212 532 1296 praetorve
558 1200 669 1264 Deum
696 1209 867 1281 versetur,
909 1198 1063 1270 attributo
1100 1173 1247 1290 quotiens

239 1314 350 1400 divino
380 1319 564 1415 praeditum
592 1337 667 1384 esse
695 1316 818 1382 scieeas
828 1363 841 1400 ,
874 1317 961 1383 baud
988 1317 1058 1384 seio
1081 1341 1122 1408 an
1145 1317 1187 1384 etl
1206 1317 1247 1408 ivl

238 1452 348 1542 ipsum
365 1453 494 1512 caetera
511 1457 657 1527 quoque,
681 1457 765 1524 quse
779 1436 891 1502 inesse
909 1435 945 1502 in
955 1435 1029 1504 Deo
1045 1446 1246 1520 statuuntur,

237 1561 449 1666 ,lgqumm
471 1555 570 1624 modo
595 1564 747 1622 constare
775 1553 836 1620 tibi
864 1553 948 1621 velis
959 1601 971 1636 ,
1014 1554 1123 1621 omnia
1150 1555 1246 1622 ‹lofe-

237 1684 342 1760 tentla
368 1680 453 1759 siut,
487 1674 569 1765 quin
603 1697 645 1739 an
679 1672 850 1764 idipsum
881 1673 959 1739 ideo
990 1671 1100 1740 divina
1127 1673 1247 1742 evadat

237 1815 364 1874 nsunt.
427 1794 563 1884 Quippe
591 1795 695 1857 unum
723 1792 907 1882 quoddam,
938 1793 1029 1882 quoti
1057 1787 1246 1862 arctissime

239 1926 430 1998 cohaereat,
458 1897 663 2003 ocrhibentla
686 1923 763 1977 sunt
788 1924 925 1994 cuneta,
948 1921 1110 2001 quotquot
1132 1911 1168 1977 in
1190 1936 1245 1980 es·
1280 1993 1282 1997 ι

240 2039 346 2108 sentio
364 2035 411 2122 (si
431 2027 731 2100 conscholasticis
751 2020 846 2120 loqui
865 2030 957 2114 licet,
980 2051 1099 2120 graece
1126 2029 1245 2136 ου’σίοξ)

240 2155 351 2229 divina
382 2145 592 2222 eontinentur
624 2143 776 2217 attributa
800 2147 846 2235 5).
911 2139 1041 2216 Verum
1073 2148 1247 2219 enimvero

241 2359 450 2417 Η

238 2510 271 2583 ι)
294 2509 376 2586 Lege
389 2491 534 2563 Guilelm·
551 2495 782 2558 Muenseltsrum
795 2493 897 2568 suum,
914 2511 1025 2576 prmo
1041 2505 1116 2555 totu.
1125 2499 1157 2554 11
1174 2496 1248 2572 „bct

140 2585 153 2608 '
254 2619 258 2629 ·
308 2599 465 2674 euasurus
483 2597 529 2657 ut
554 2595 722 2668 outtouuu
746 2593 1036 2665 erroribusque.

226 2697 271 2772 ὀ)
304 2699 407 2752 Exstat
430 2687 509 2766 apud
530 2687 710 2763 Septimium
733 2686 804 2744 libr.
828 2687 895 2745 adv.
919 2690 1050 2765 Hermge
1093 2685 1192 2762 „quis
1209 2709 1249 2736 ...ι

307 2783 464 2846 sliueDei
487 2799 590 2838 sensus
614 2780 695 2852 (is.
730 2779 875 2856 qualitas,
904 2801 1020 2858 neque,
1051 2781 1248 2856 quemadmo·

305 2883 378 2940 tlutn
395 2881 519 2936 Moresu
537 2875 694 2950 opinatutr
713 2876 835 2954 origo),
854 2893 943 2952 quatu
963 2876 1170 2932 reternitss“'l
1188 2878 1248 2932 Ut-

307 2989 365 3050 que
397 2968 561 3044 uniouique
596 2983 709 3044 petest,
750 2965 839 3044 quatri
875 2959 1056 3028 aeternitatis
1086 2969 1248 3026 notionem

306 3061 552 3142 pttsr'ecclesise
575 3076 674 3119 mente
692 3061 752 3118 sibi
774 3063 1002 3134 informaverit,
1027 3063 1248 3140 subjungemus

251 3179 254 3186 ·
306 3159 411 3218 haereo
429 3157 563 3233 ejusdem
581 3157 687 3215 verbra
722 3149 827 3235 „Quis
846 3160 922 3217 alius
941 3157 1121 3217 aeternitatis
1139 3173 1249 3228 status,
1275 3189 1282 3236 ,ι

307 3273 397 3331 quam
421 3269 536 3328 semper
564 3251 656 3309 luisse
680 3268 708 3310 et
731 3254 867 3310 futurum
892 3273 953 3312 esse
977 3275 1014 3311 ex
1038 3254 1249 3330 praerogative

239 3333 245 3346 ¹
307 3345 426 3404 nullius
442 3345 546 3413 initii,
564 3359 594 3401 et
609 3345 728 3404 nullius
745 3349 864 3404 fiuis“?
898 3348 987 3404 Haud
1004 3353 1156 3424 perverse!
1272 3374 1277 3388 ·

237 3443 270 3517 g)
304 3445 448 3498 laventus
467 3457 510 3498 est
533 3441 691 3497 Deoierius
707 3440 937 3519 Frenuogallns,
966 3443 1020 3518 qui
1042 3449 1184 3520 pag-176
1205 3442 1248 3501 li.
1269 3443 1272 3450 '

252 3555 259 3566 ·
307 3536 371 3594 brit
389 3536 463 3605 „vie
482 3534 518 3591 de
534 3533 640 3590 Platon
648 3540 683 3604 ⁶⁴,
706 3534 827 3592 eandem
850 3553 888 3591 ex
910 3536 1080 3593 aeternitate
1104 3539 1248 3597 materias

308 3629 533 3688 conclusionem
550 3628 667 3687 faceret.
731 3658 734 3672 ·
1238 3627 1272 3637 ‘¹

233 3725 272 3798 ’4)
306 3727 486 3783 Concessum
516 3723 575 3790 sit,
599 3720 721 3798 phrasin
745 3719 900 3780 Paulinam
926 3726 956 3796 (Ι
975 3719 1113 3780 Corinth.
1134 3743 1166 3796 7,
1183 3728 1248 3800 40),

284 3859 285 3862 η
307 3837 364 3894 qus
382 3818 552 3876 Herodotus
570 3817 659 3874 etiam
677 3825 706 3872 et
724 3814 864 3890 Polybius
883 3818 930 3876 usi
947 3835 1035 3890 sunt,
1052 3819 1104 3892 (of.
1122 3836 1247 3880 ennete·

307 3911 406 3968 tiones
423 3911 565 3989 nephalii
582 3911 619 3968 erl
635 3910 737 3969 locum
755 3909 868 3983 urolt)
886 3912 1035 3970 adhibere.

236 4003 270 4082 5)
300 4001 415 4062 bodens
432 4021 627 4086 argumento,
649 4004 723 4071 licet
740 4005 852 4064 nonin
869 4007 958 4065 tinem
976 4006 1120 4078 eundem,
1137 4021 1247 4068 vetum
