2642 4568
744 401 768 470 2

249 585 357 664 panea
390 569 539 625 aeternae
566 557 711 626 veritatis
740 556 880 648 vestigia
901 557 1081 650 conspicua
1108 574 1186 631 sunt
1205 562 1259 656 1),

254 678 491 772 quodammodo
505 677 680 768 reperitur.
725 677 811 746 Nam
825 679 1036 773 Thucydides
1051 681 1137 748 libro
1151 682 1262 774 primo

254 800 381 892 egregii
406 799 458 864 sui
484 795 688 882 monumenti
712 797 862 868 historici
891 799 1004 891 ponite
1055 790 1263 902 „dampierre

253 952 290 1030 oti
303 945 353 1030 dai
365 947 497 1049 νομίζειν
512 943 692 1051 ἄνθρωπον
706 945 890 1055 ἀνθρώπῳ.
901 949 923 991 “
964 949 1116 1043 Apparet
1136 974 1178 1017 ex
1195 952 1263 1020 isto

253 1075 348 1138 elfato
365 1093 492 1154 caussa,
508 1093 608 1160 quare
626 1063 829 1161 temporibus
847 1069 1021 1136 admodum
1034 1069 1173 1137 diversis
1186 1061 1281 1138 saus

253 1206 305 1260 eta
331 1189 450 1279 religio
472 1187 556 1253 «lesu
578 1185 705 1255 Christi
726 1189 766 1256 ab
798 1187 1015 1273 adversariis,
1047 1167 1086 1256 ¹si
1112 1188 1262 1256 indolem

254 1335 367 1376 eorum
392 1319 542 1406 spectes,
562 1331 721 1397 perquam
743 1285 924 1390 similibus,
947 1329 990 1372 ue
1014 1305 1121 1374 dicam
1139 1306 1263 1376 iisdem

216 1507 221 1519 l
254 1440 400 1522 petatur,
421 1439 454 1492 et
479 1427 513 1494 in
538 1427 678 1520 siugulis
698 1426 780 1524 adeo
798 1426 945 1517 partibus
966 1423 1259 1518 corrumpaturo).

253 1549 435 1638 Exempla,
468 1572 606 1638 quorum
623 1529 694 1636 ope
713 1525 749 1610 id
768 1545 1018 1634 comprobetur,
1049 1545 1135 1612 bene
1157 1549 1262 1616 multa

254 1695 296 1735 ex
306 1667 459 1751 historia,
482 1689 580 1757 quam
600 1674 718 1732 vocant
738 1663 1009 1753 eeclesiasticam,
1031 1665 1129 1732 facile
1150 1669 1262 1734 afferri

247 1799 405 1880 possunt.
460 1786 582 1854 Missos
605 1807 693 1850 nune
715 1783 801 1850 facio
818 1781 967 1873 alogos,
993 1781 1114 1883 Arios,
1143 1783 1261 1874 Samo.

256 2147 285 2217 1)
321 2141 447 2212 „Sicuti
465 2135 609 2214 Aegyptii
625 2153 687 2190 non
706 2109 804 2191 tolum
822 2131 905 2192 idola
928 2133 1091 2208 habebant,
1123 2153 1153 2195 et
1172 2160 1262 2200 onera

324 2237 447 2314 gravia,
471 2252 545 2308 quae
563 2228 695 2305 populat
713 2229 895 2286 ltraelitieut
914 2229 1104 2288 detestaretur
1127 2248 1157 2290 et
1173 2235 1263 2315 fuge.

322 2332 385 2398 ret,
417 2328 467 2384 aed
492 2325 585 2382 etiam·
606 2343 676 2381 vaae
700 2340 794 2400 atque¹
812 2340 982 2380 ornamenta
1008 2324 1042 2381 de
1069 2345 1139 2384 auro
1164 2345 1194 2384 et
1216 2351 1264 2387 ar.

324 2439 426 2503 genta,
445 2436 474 2478 et
492 2435 617 2488 vestem,
636 2439 710 2494 quae
728 2418 783 2476 ille
802 2417 933 2496 populus
951 2419 1052 2476 exieus
1071 2419 1106 2476 de
1122 2425 1263 2501 Aegypto

323 2521 382 2577 eibi
399 2517 501 2594 potius
520 2531 658 2590 tanquam
678 2514 713 2570 ed
733 2534 819 2570 utum
838 2511 994 2570 meliorem
1012 2543 1048 2560 ·-
1069 2514 1264 2589 vendicavit,

321 2644 356 2658 --
372 2611 415 2666 sic
434 2608 585 2669 doctrinae
604 2628 705 2664 omues
724 2607 887 2690 gentilium
905 2629 966 2664 ιιοιι
984 2607 1084 2665 solum
1102 2611 1265 2670 simulacra

323 2720 352 2760 et
370 2701 575 2779 superstitiosa
593 2701 733 2776 figmenta
758 2720 920 2779 gravesque
945 2702 1070 2758 sarcinae
1088 2723 1264 2780 eupervaoa.

290 2799 372 2854 ‘nei
394 2796 506 2853 labarit
530 2794 656 2864 habent,
695 2805 768 2870 quae
796 2797 1000 2874 ranaequieque
1024 2813 1156 2858 nostrum
1187 2802 1265 2860 duce

242 2951 244 2966 Ι
320 2869 441 2948 Christo
467 2891 501 2948 de
521 2891 660 2948 societate
678 2889 840 2968 gentilium
865 2891 966 2948 exient
991 2890 1076 2966 debet
1094 2875 1264 2954 abominari

323 3003 410 3060 atque
428 2985 544 3054 vitare,
567 2985 619 3041 ted
637 2979 725 3039 etian't
744 2982 882 3042 liberales
903 2985 1076 3062 disciplinae
1095 2989 1164 3044 ueni
1181 2993 1265 3048 veri·

321 3081 391 3135 tatis
417 3081 545 3154 aptiore·
571 3095 602 3136 et
625 3081 766 3156 quaedam
784 3098 900 3136 morum
922 3096 1074 3156 praecepta
1098 3081 1266 3143 utilissima

207 3233 212 3240 ,
321 3173 495 3243 continent,
525 3173 620 3249 deque
636 3173 704 3250 ipto
723 3191 783 3228 uno
801 3173 867 3230 Deo
886 3173 1012 3232 eoleado
1026 3175 1173 3234 nonnulla
1191 3198 1267 3239 vera

321 3269 521 3325 inveniuntur
539 3268 697 3346 repedem,
716 3267 798 3342 quod
814 3287 918 3324 eorum
936 3287 1040 3326 autum
1058 3285 1088 3328 et
1104 3290 1266 3352 argentum
1311 3349 1312 3352 Ἰ

320 3363 419 3445 (quod
441 3383 504 3420 non
527 3364 589 3440 ipei
614 3361 827 3430 instituerunt,
858 3362 915 3420 eed'
926 3363 961 3420 de
981 3363 1157 3440 quibusdam
1176 3374 1267 3446 quati

321 3459 453 3515 metallis
471 3457 592 3515 divinae
609 3455 835 3524 Providentiae,
861 3475 934 3532 quae
952 3456 1063 3534 ubique
1081 3459 1180 3518 infuse
1199 3479 1265 3535 eet,

322 3555 488 3625 eruerunt,)
507 3552 593 3611 debet
609 3551 645 3609 ab
664 3553 704 3608 iia
722 3553 835 3608 auferre
847 3550 1033 3608 christianae
1051 3553 1088 3609 ad
1105 3574 1192 3618 utum
1210 3561 1266 3632 ju.

323 3653 428 3706 etum“
446 3662 518 3707 etet.
554 3649 636 3723 Quae
656 3646 776 3722 quidem
794 3642 943 3722 praeclara
960 3643 1122 3721 eloquutue
1140 3666 1184 3707 eat
1198 3657 1266 3712 Au.

320 3740 415 3798 relius
431 3741 618 3821 Augustinus
635 3740 670 3796 in
687 3739 742 3797 lib.
760 3744 801 3797 11.
819 3760 881 3818 cap.
898 3748 934 3812 40
956 3739 1072 3815 operit,
1102 3745 1185 3824 quod
1212 3748 1267 3805 in.

320 3835 478 3892 scribiturt
528 3837 605 3906 „De
623 3831 757 3892 doctrina
775 3834 985 3894 Chrittiaua.“

251 3954 283 4027 ι)
318 3955 468 4012 Recordor
485 3955 624 4034 equidem
641 3954 741 4026 illud,
770 3955 852 4032 quod
875 3975 932 4014 utu
950 3953 1056 4016 tritam
1082 3971 1126 4016 eat
1142 3957 1264 4023 Veteris

319 4051 515 4108 Instrumeuti
532 4051 665 4109 dictans
707 4049 795 4122 „Nil
811 4051 888 4112 novi
904 4051 960 4112 aab
978 4050 1076 4111 tole.“
