2642 4568
146 229 150 250 ι
234 207 241 236 l
254 208 273 288 ζ
795 243 847 299 J

298 347 302 367 ’
503 345 506 352 “
542 363 591 444 os

81 541 227 637 pedum),
257 557 295 603 ea
315 557 378 626 pro
391 530 591 624 argumentis
607 531 777 613 confusae,
799 554 896 622 quem
910 515 1072 620 defendit,

80 659 217 732 materiae
231 655 408 750 ¹¹constituit
429 677 504 720 esse
519 653 764 743 Hermogenes.
814 651 915 740 Quod
936 652 978 718 ad
1000 669 1076 722 sen·
1188 738 1191 752 .

82 807 145 852 snm
164 777 397 860 uocabulorum
417 773 540 840 rectius
568 771 792 842 definiundum
809 773 967 863 pertinet,
996 791 1073 870 ape]-

80 903 190 974 riturl
211 899 299 968 Mos.
320 899 353 981 1,
376 896 419 980 9,
456 893 615 983 deinceps
639 893 771 958 demum
797 893 988 981 apparuisse
1010 894 1075 964 sie-

80 1048 143 1092 eam
159 1031 292 1106 tprram,
305 1026 518 1106 posteaquam
539 1035 642 1104 aquae
665 1011 726 1079 sub
749 1011 842 1078 eaelo
863 1011 942 1078 sitae
962 1014 1077 1092 divino

74 1146 163 1236 jussu
176 1162 277 1204 uuum
290 1135 448 1201 inlocum
463 1132 621 1200 collectae
636 1132 771 1206 fuerint.
814 1131 898 1200 lude
922 1134 1074 1226 emergit,

76 1237 204 1349 Mosen,⁸
220 1257 299 1323 dum
318 1279 451 1324 versum
470 1254 494 1318 2
511 1249 617 1344 literis
641 1253 855 1339 mandaverit,
878 1263 999 1323 terram
1020 1277 1076 1338 co·

78 1502 282 1526 m

140 1677 223 1756 atqui
240 1674 313 1732 rude
332 1693 392 1760 ease
411 1689 453 1731 est
471 1671 587 1748 aliquid
609 1672 779 1751 imperfecti
810 1675 862 1746 (ne
889 1673 1077 1737 Tertulliano
1192 1707 1194 1714 t

139 1771 259 1850 quidem
284 1768 457 1838 initiante),
488 1767 587 1842 itaque
611 1769 743 1836 materia,
763 1788 835 1846 quse
854 1785 967 1827 aeterua
984 1771 1080 1828 oredi-

140 1884 200 1937 tur,
212 1866 296 1922 rudis
311 1883 442 1921 essenon
456 1869 564 1939 potest:
591 1864 704 1920 Notatu
716 1863 795 1918 haud
808 1863 980 1942 indignum,
998 1865 1080 1943 quod

96 2027 99 2034 ¹
139 1960 253 2022 alieubi
270 1959 452 2038 Augustinus
466 1957 578 2026 docuit,
596 1954 735 2014 liesthoe
752 1958 849 2016 illove
862 1961 984 2017 nomine
995 1961 1081 2039 inge·

138 2057 256 2114 niosius
274 2073 361 2129 quam
380 2053 496 2117 verius:
520 2052 683 2120 „informis
701 2052 756 2109 ills
781 2055 913 2122 materis,
938 2075 1025 2130 quam
1045 2055 1081 2112 da
1187 2077 1192 2092 i

140 2150 244 2208 nihilo
261 2151 344 2206 Deus
361 2148 444 2217 fecit,
462 2147 607 2224 appellata
625 2164 669 2204 est
685 2141 816 2227 primum
837 2147 950 2205 caelum
972 2165 1002 2207 et
1022 2165 1080 2208 ter·
1104 2195 1106 2202 .

141 2268 190 2310 rat
210 2244 363 2303 etdiutum
383 2255 440 2306 este
458 2242 491 2296 in
510 2243 661 2318 principio
680 2242 965 2300 feoitDeuscaelum
986 2261 1082 2302 atter·

141 2361 219 2410 nm,
233 2357 293 2396 non
311 2336 457 2412 quiajam
476 2335 609 2394 hocerat
629 2329 695 2408 ll),
713 2336 764 2392 sed
782 2338 851 2412 quia
869 2338 927 2412 hoe
946 2361 1006 2398 esse
1024 2361 1080 2418 po·

77 2428 79 2433 ¹
142 2451 220 2498 terat
243 2435 293 2507 (ll
312 2429 428 2488 seilicet
457 2433 620 2509 Augustini
644 2432 761 2508 judicio
786 2432 908 2487 materia
934 2433 1017 2507 quasi
1036 2453 1080 2492 sa·

136 2549 215 2590 men
245 2527 304 2583 fuit
327 2523 403 2581 oieli
429 2540 458 2580 et
484 2527 599 2597 terrae).
625 2553 660 2568 -
695 2526 949 2600 Quemadmodum
981 2547 1082 2585 semen

141 2619 257 2680 arboris
281 2621 498 2677 considerantes
517 2619 666 2702 dicentum
688 2618 735 2676 ibi
759 2641 818 2678 esse
841 2621 953 2678 radices
979 2639 1008 2680 et
1032 2643 1082 2688 ro·

141 2718 201 2777 bur
219 2732 249 2774 et
265 2733 362 2771 ramos
380 2729 409 2770 et
426 2715 538 2770 fruetus
562 2730 593 2771 et
611 2713 706 2783 folia,
735 2735 797 2770 non
821 2717 890 2790 quia
915 2719 976 2792 jam
1001 2737 1082 2790 sunt,

87 2846 91 2855 «
142 2813 196 2874 sed
223 2810 293 2887 quia
316 2808 386 2864 inde
413 2809 511 2863 futuru
535 2825 603 2868 sunt
628 2824 699 2866 caet.
743 2811 826 2865 Hanc
862 2828 962 2868 autern
986 2813 1082 2871 adhue

142 2909 307 2984 iniormem
339 2902 490 2958 materiem
526 2901 614 2968 etiarn
644 2917 750 2958 terram
776 2904 964 2990 inuisibilem
995 2925 1082 2990 atque

143 2998 379 3076 incompositam
402 2996 504 3053 voluit
527 2999 581 3068 (sc.
605 2998 719 3068 Moses)
756 2996 923 3076 appellere,
948 3004 1017 3078 quis
1034 3005 1083 3062 io·

144 3113 192 3158 ter
208 3093 310 3166 omnia
327 3090 471 3148 elementa
490 3091 594 3145 mundi
609 3107 683 3148 terra
699 3091 818 3148 videtur
832 3096 1085 3175 minusspecioss,

142 3209 235 3270 quam
254 3204 364 3244 caetera
383 3187 451 3257 (l),
484 3184 672 3242 invisibilem
697 3215 733 3230 ·-
748 3215 785 3232 ·-
808 3206 929 3266 propter
952 3191 1085 3250 ubscuri-

143 3302 256 3352 tatem,
282 3297 311 3338 et
336 3279 565 3354 incompositam
596 3296 717 3356 propter
746 3282 1012 3356 informitatem“,
1046 3287 1087 3350 er.
1153 3323 1155 3331 ·

141 3377 238 3442 lib.1
261 3391 358 3457 cap.7
383 3374 482 3448 operis
507 3373 541 3431 de
566 3375 670 3431 Geues.
695 3392 795 3432 contra
823 3379 956 3434 Manieh.
1000 3383 1086 3440 Nou.

144 3471 262 3540 uullar
278 3489 349 3546 quas
373 3468 406 3522 iu
431 3469 517 3523 effato
540 3467 758 3546 Augttstiniano
784 3471 988 3543 continentur,
1015 3491 1096 3532 euru*

107 3642 109 3646 Ι
142 3565 272 3646 placitis
286 3565 345 3621 lere
364 3565 533 3640 conspirant
551 3562 817 3642 Hermogenisnist,
833 3581 863 3621 at
880 3565 1008 3622 multum
1027 3570 1085 3628 (ΗΕ.

144 3662 206 3718 fert
224 3658 406 3736 Augustinus
432 3659 617 3734 caeteroquin
640 3677 656 3714 s
680 3658 794 3733 pictore
812 3660 969 3746 Africano,
989 3665 1087 3738 quoad

145 3753 304 3815 materiam
322 3775 404 3810 suam
423 3752 571 3809 divinitus
586 3752 620 3808 de
633 3751 733 3808 nihilo
749 3768 893 3823 creatam,
911 3755 977 3812 Deo
990 3756 1088 3837 igitur

143 3868 241 3919 „non
257 3877 294 3892 --
318 3864 498 3926 coaeternam
507 3853 530 3884 “
553 3845 639 3914 vult,
669 3866 743 3924 quae
774 3861 843 3903 sunt
868 3847 975 3906 diserta
1000 3851 1089 3921 uerba

146 3942 314 4024 Augustini
330 3943 364 4012 in
383 3942 511 4022 egregiis
538 3939 716 4001 confession.
737 3937 870 4004 lib.X11
896 3961 958 4022 cap.
981 3961 1017 4004 αα
1040 3948 1089 4004 in.

145 4035 312 4098 veniundi.
790 4038 793 4044 '
