2642 4568
566 281 616 356 23

75 424 249 506 mnndum
262 437 408 518 venisse,
431 461 530 532 quem
549 439 643 506 Deus
664 465 725 532 pro
740 445 910 534 sapientia,
934 430 1090 537 bonitate,

80 557 324 646 omnipotentia
343 557 522 649 bonumne
541 560 582 626 de
604 561 708 628 nihilo
730 563 914 650 producere
934 571 1090 656 potuerit,

76 676 185 744 immo
207 674 329 740 dudum
352 688 426 743 ante
446 690 639 769 utrumqne,
668 681 757 769 quod
779 681 868 766 dixi,
898 686 1019 751 malum
1037 713 1091 764 re-

79 820 164 862 vera
181 794 385 885 produxerit.
430 795 501 866 Sed
517 798 742 864 'Tertullianus
757 825 868 890 noque
889 804 1091 873 narratione

79 915 210 988 invadit
240 938 349 981 areem
388 935 524 982 caussae
559 918 866 1008 Hermogeniauae,
909 932 943 988 et
968 947 1090 992 nervos

83 1058 164 1101 suos
187 1020 375 1116 contendit,
405 1045 441 1100 nt
464 1037 614 1104 ostendat
642 1037 736 1120 fuse,
772 1038 815 1104 ad
845 1050 926 1128 quot
952 1065 1092 1132 praepo·

83 1166 172 1220 atera
198 1163 295 1243 atque
323 1151 451 1217 insulsa
471 1155 640 1230 decretum
653 1155 694 1220 de
721 1158 926 1247 perennitate
949 1159 1089 1246 alieujns

82 1272 237 1340 materiae
258 1271 446 1337 necessario
463 1274 640 1364 perdurat,
669 1286 839 1365 praeterea
861 1301 994 1366 operam
1015 1280 1088 1364 dat,

86 1403 122 1456 nt
155 1373 319 1482 quidtiuid
353 1391 586 1482 Hermogenes
618 1394 832 1461 sustentando
866 1395 923 1460 isti
955 1395 1089 1463 decreto

87 1511 262 1598 eloqnutns
291 1520 380 1595 erat,
415 1495 545 1577 lortiter
565 1510 741 1603 destruat.
775 1511 851 1579 olam
872 1526 1004 1604 egomet
1020 1540 1089 1582 non

84 1627 223 1712 infitior,
244 1628 279 1698 in
299 1628 454 1706 libellum¹
471 1655 490 1697 a
509 1643 602 1725 patre
626 1614 788 1702 eeclesiae
809 1641 927 1706 tenua
943 1633 1086 1704 Hermo·

86 1837 294 1860 m

149 1973 302 2050 justitiae,
330 1975 408 2034 mala
440 1975 595 2052 condentis
625 1979 738 2038 iudicis
768 1979 908 2036 advertus
936 1979 1014 2036 mala
1038 1983 1087 2040 de.

149 2067 262 2128 lieti“.
277 2105 309 2120 -
324 2073 371 2130 De
389 2069 506 2148 primo,
525 2073 603 2150 quod
619 2077 735 2132 Satanas
751 2076 935 2148 patraverit,
954 2067 1087 2153 peceato,

150 2163 285 2241 theologi
304 2185 356 2240 pro
377 2169 515 2224 scientiae
534 2169 696 2244 cupiditate
711 2168 842 2225 multum
857 2170 993 2226 meditati
1007 2189 1085 2229 suntt

91 2311 116 2332 Δ,
149 2257 254 2318 Veluti
276 2261 386 2318 Christ.
410 2267 456 2319 Fr.
479 2263 649 2318 Schmidius
675 2262 759 2335 (vide
783 2261 846 2316 viri
870 2267 1086 2322 enarrationem

151 2353 300 2414 doctrinae
318 2375 467 2414 sacrorum
485 2355 634 2411 librorum
653 2357 687 2412 de
705 2355 790 2432 lapsu
810 2357 1008 2426 daemonum,
1038 2341 1084 2416 ed.

145 2468 170 2508 a.
189 2465 257 2522 1775
273 2448 457 2526 Vitebergd,
480 2450 553 2504 item
573 2449 728 2526 Altingius
748 2450 878 2524 primum
898 2451 980 2506 istud
996 2453 1030 2506 in
1048 2473 1084 2509 eo

147 2529 331 2620 posuerunt,
371 2543 454 2618 quod
481 2547 597 2600 Satanas
628 2533 829 2619 protoplastos
861 2547 1028 2620 corruperit
1050 2547 1085 2602 in

146 2641 291 2712 suamque¹
317 2639 465 2715 redegerit
494 2638 650 2698 ditionem.
708 2637 764 2692 Sed
791 2657 853 2712 cap.
878 2641 951 2698 VllI
975 2643 1083 2711 Joann.

150 2750 253 2811 evang.
278 2751 354 2790 vers.
372 2741 425 2804 44,
450 2753 539 2808 quem
557 2731 660 2788 locum
679 2733 927 2808 Wegscheiderus
945 2753 1012 2812 pag.
1030 2745 1083 2808 254
1116 2750 1118 2761 ¹

145 2824 370 2885 institutionem
388 2825 548 2904 dogmatis.
567 2825 637 2886 edit.
656 2841 722 2883 tert.
745 2827 805 2882 huc
822 2827 901 2882 haud
919 2828 1019 2903 inepte
1036 2849 1082 2884 re·

87 2985 91 2996 ι
145 2919 240 2975 latum
266 2940 327 2976 esse
350 2937 453 2996 putat,
476 2921 657 2996 proponitur
680 2924 796 2978 Satanas
814 2921 859 2988 it,
887 2920 940 2995 qui
958 2921 1082 2976 nonnisi
1163 2961 1168 2972 .

146 3013 181 3070 tb
203 3015 348 3070 humanae
379 3015 521 3071 historiae
552 3015 704 3089 principio
730 3014 906 3072 hominibus
933 3016 1082 3071 exstiterit

143 3109 257 3184 peccati
275 3128 307 3164 ac
325 3110 432 3166 mortis
455 3129 492 3167 ex
509 3126 627 3184 peccato
652 3109 842 3164 redundantis
866 3128 965 3164 caussa
987 3110 1080 3192 (leoni.

142 3201 213 3278 apat.
231 3197 267 3258 ad
284 3203 379 3262 codic.
388 3201 659 3260 NoviTestamenti
678 3223 707 3280 g.
726 3204 804 3278 apud
818 3203 988 3276 Matthaeij,
1006 3204 1080 3257 item

143 3300 174 3353 11
198 3321 259 3370 σοφ.
277 3299 344 3370 24),
386 3316 482 3372 neque
506 3316 577 3354 vero
611 3295 676 3353 ullo
703 3309 798 3353 sacras
817 3299 978 3372 scripturae
997 3295 1079 3370 dicto

52 3391 54 3396 ’
144 3391 302 3460 docemur,
334 3395 466 3447 Satanam
490 3411 548 3446 non
574 3390 658 3447 aliud
675 3393 824 3468 quoddam
842 3407 993 3468 peccatum
1011 3404 1078 3444 ante
1126 3381 1131 3439 ’,

42 3468 48 3481 ¹
107 3536 120 3546 i
144 3488 362 3562 corruptionem
383 3486 497 3564 generis
514 3486 638 3542 humani
653 3487 846 3542 commisisse.
883 3485 964 3558 Quin
976 3482 1079 3559 potius

144 3579 383 3639 traduntlitetae
406 3600 500 3635 sacrae
526 3580 559 3635 de
578 3579 666 3636 malit
685 3582 800 3658 geniis,
833 3597 903 3654 ergo
922 3577 957 3631 de
974 3579 1078 3631 Satana
1129 3587 1131 3592 '

143 3697 261 3757 quoque
279 3675 391 3732 verse
414 3675 499 3750 epist.
517 3674 626 3734 Judaet
663 3695 712 3732 eos
738 3675 967 3750 „principatum
993 3672 1074 3745 (quo

138 3771 284 3826 videlicet
318 3789 422 3848 parurn
460 3771 593 3826 contenti
634 3774 761 3842 essent,)
807 3786 868 3823 non
917 3765 1076 3821 retinuisse

141 3861 400 3938 (splendidiorem,
419 3865 602 3940 utopinor,
626 3865 713 3924 etin
743 3880 802 3937 quo
827 3881 864 3916 ex
880 3861 947 3916 Deo
973 3859 1075 3916 minus

141 3959 315 4033 penderent.
341 3977 401 4022 etse
420 3960 679 4030 sonstotatot,)et
697 3955 889 4018 domicilium
906 3955 954 4030 (in
972 3951 1074 4032 stelit)
