2642 4568
503 349 552 420 33

63 509 161 578 oblitus
178 531 241 574 erse
252 555 265 590 ,
304 533 416 576 saeros
446 520 597 576 auctores
619 509 816 580 Cbriitianis
836 516 933 584 nobis
954 521 1031 590 reli·

60 643 126 697 etos.
163 628 207 692 lle
224 627 425 710 Tertulliano
440 651 571 720 quoqne
594 628 688 695 aliter
707 631 807 721 longe
823 634 1031 720 judicassent

59 748 136 814 multi
160 745 311 836 theologi,
355 748 384 812 si
421 747 639 816 Horatianum
664 749 749 816 illud
776 753 1027 829 meminiscente

55 869 202 954 „medium
225 877 358 932 tenuere
381 867 513 942 benti“.
557 868 685 936 Verum
706 868 748 934 ad
768 891 839 934 rem
852 874 933 940 mili
951 901 1028 968 pro.

55 987 172 1079 positam
198 984 294 1050 oratio
315 986 446 1051 redeat!

129 1105 332 1192 Posteaquam
366 1105 599 1196 Hermogenes
632 1104 767 1172 materia
794 1103 927 1178 disertio
955 1136 1029 1182 ven

55 1226 90 1298 lis
118 1223 212 1314 posita
239 1223 439 1313 sempiterna
470 1231 522 1310 1),
564 1237 744 1314 acceperat
777 1237 909 1294 aeterne
942 1231 1027 1320 (luo,

55 1345 140 1408 bento
155 1339 301 1406 videlieet
315 1353 355 1406 et
375 1344 562 1425 materiam,
586 1345 814 1410 Tertullianus
837 1350 1028 1437 contendit,

55 1471 225 1529 :omniunotn
245 1458 374 1548 utrique
397 1472 515 1528 statum
533 1464 653 1544 tribui,
684 1463 728 1527 ite
758 1473 794 1527 ut
820 1464 959 1534 alterum
982 1472 1027 1536 el·

55 1605 104 1649 ero
123 1601 223 1671 neque
244 1579 399 1669 superius
423 1594 532 1665 esset,
553 1605 664 1673 neque
687 1581 843 1660 humilius
864 1609 937 1678 cap.
957 1587 1028 1656 Vll

55 1792 230 1812 nnn-e·-

93 1929 149 1986 aiae
167 1925 474 2006 ‚,abseoneo„n0miae
491 1931 543 1988 ino
562 1925 736 1988 intitulavit
751 1928 905 2009 Peregrini
921 1934 1027 2010 adver-¹

92 2041 140 2084 tue
156 2021 316 2086 haereticos
325 2027 359 2091 “,
379 2037 413 2078 ut
430 2021 519 2082 rerba
539 2021 713 2094 adhibeam,
732 2045 805 2100 quae
824 2045 860 2082 cx
879 2015 1026 2088 Gennadii

88 2113 282 2174 Massiliensi·
320 2114 456 2196 catalogo
490 2117 627 2174 virorum
656 2107 826 2176 illustrium
851 2109 1030 2201 deprompta¹
1071 2179 1075 2184 ,

88 2227 167 2269 eunt.

83 2345 105 2375 „
116 2305 144 2360 ll
162 2325 184 2382 y
201 2323 267 2361 ena
290 2302 461 2381 plueieure,
487 2304 540 2380 qui
558 2320 656 2363 errent
678 2303 809 2362 ‹l'turant
825 2306 895 2386 plue
918 2309 1026 2394 clange.

82 2397 512 2476 reueement,q'uileprenneat
526 2418 583 2455 une
596 2399 692 2456 verite
710 2419 787 2474 pour
798 2398 828 2457 le
845 2403 981 2480 principe
991 2409 1026 2468 de

82 2494 150 2552 leur
168 2513 277 2552 errerrr.
311 2495 394 2553 Leur
416 2494 497 2552 laute
521 2496 597 2548 n'eet
612 2511 663 2569 pat
688 2491 724 2549 de
745 2495 847 2551 euirre
872 2517 930 2556 rme
947 2487 1026 2561 lane.

79 2590 159 2656 tetri,
178 2591 255 2645 maie
269 2589 303 2646 de
322 2589 422 2658 euirre
441 2607 498 2642 one
516 2585 613 2644 etrite
637 2585 848 2646 ail'exclueion
867 2591 956 2650 d'une
974 2615 1024 2652 au.

77 2690 167 2745 tre“.
215 2684 285 2745 Vox
315 2686 535 2759 Hermogenem
562 2680 783 2755 quodammodo
812 2683 952 2762 attingit,
986 2690 1025 2747 ei.

75 2779 206 2858 quidem
227 2777 367 2834 materiae
385 2776 516 2849 elicujue
534 2775 632 2844 notio,
650 2794 738 2849 quam
752 2794 936 2852 conceperat,
957 2793 1025 2839 vera

70 2890 138 2942 eet,
166 2872 231 2927 niti
251 2872 332 2947 quod
350 2870 506 2926 notionem
533 2869 575 2924 ita
594 2883 637 2924 eet
663 2884 823 2944 eequutue,
848 2886 882 2927 ut
900 2887 1024 2946 errores,

69 2966 163 3034 verbi
184 2985 288 3022 canera
313 2965 348 3021 de
375 2966 515 3022 materiae
542 2963 733 3027 aeternitate,
751 2963 932 3042 adtingeret,
954 2987 1024 3027 rere

66 3061 216 3124 doctrina
233 3059 269 3116 de
287 3059 426 3128 materia,
451 3079 518 3114 cum
539 3075 667 3133 tempore
683 3059 772 3114 aDeo
797 3074 903 3126 create,
916 3051 1022 3137 pirum
1073 3040 1077 3048 ¹

63 3151 284 3233 probabiliter
302 3154 419 3212 omieea.
454 3153 621 3228 scripturae
640 3171 735 3208 eacrae
752 3178 788 3196 -
812 3152 845 3208 in
864 3172 922 3228 qua
947 3173 1024 3213 crea.

63 3250 114 3308 tio
135 3247 199 3308 τῶν
230 3245 343 3305 πάντων
357 3249 425 3306 Deo
444 3265 610 3306 constanter
627 3245 794 3324 aeeignetur
809 3274 842 3294 ··
859 3248 885 3303 ei
903 3267 1021 3304 accura-

61 3347 185 3406 tiorem
208 3341 355 3398 tenuieeet
380 3343 603 3421 cognitionem,
628 3359 740 3398 erroree
764 3340 938 3398 ieriuemodi
954 3361 1024 3418 pro·

62 3439 115 3495 cul
148 3437 256 3496 dnbio
280 3423 406 3492 civieeet
433 3433 572 3493 feliciter.
633 3436 818 3510 Quemquam
842 3433 934 3510 probe
960 3435 1024 3512 agit

62 3535 335 3611 Chryeoetomue,
358 3529 429 3584 (lum
454 3547 515 3584 non
540 3527 631 3602 morlo
654 3525 733 3599 ,mir
754 3524 859 3599 πολλῆν
876 3525 930 3594 reio
945 3527 1023 3601 αἰρέ-

63 3650 131 3685 τεων
151 3625 280 3701 λύμην*
298 3608 403 3682 rerum
422 3619 511 3675 etiam
529 3619 831 3697 ,‚roeit'e'pellmctveat
845 3627 935 3693 βίους,
962 3619 1023 3680 roric

63 3719 192 3795 ἰκερδεῖε
211 3718 353 3786 noveru,
376 3715 456 3772 inter
476 3730 612 3773 sexcenta
635 3717 693 3774 ieta
715 3715 794 3772 mela
815 3715 923 3784 refert,
949 3735 1023 3792 qnae

64 3813 316 3893 &ignorantia
347 3810 560 3893 scripturuum
589 3827 735 3866 terrarum
768 3807 933 3886 profluant.
979 3817 1023 3869 Ac

64 3911 153 3966 ectio
179 3923 310 3975 earum,
327 3923 426 3962 nonne
444 3918 487 3960 cet
503 3921 559 3979 pro
593 3903 753 3974 omnibus,
783 3901 830 3959 uti
851 3903 1023 3963 Panchariae

64 4000 272 4078 reornantur
288 3998 438 4076 intrepide
448 3996 611 4080 „delenditi
