2642 4568
454 367 459 372 .
576 369 601 448 9

191 523 361 619 Scriptum
389 537 495 595 exstat
514 521 622 618 oap.l
643 525 800 594 advorsus
820 527 1086 621 Hermogenem
1125 517 1129 536 ’

82 665 139 734 „a
160 645 358 714 Christianis
390 646 480 748 euim
504 671 683 730 conversus
712 646 753 711 ad
779 647 1012 739 philosophos,
1045 647 1089 720 dc

81 765 231 833 eeclesia
256 767 291 833 in
313 766 511 833 academiam
531 766 564 857 1)
591 766 826 854 sipontinum,
858 766 936 836 inde
957 769 1088 837 ειιιιιὶία

81 897 172 957 caet.
215 886 306 988 Iliae
324 909 402 953 eave
423 877 596 969 conficias,
616 884 773 950 Nostrum
790 909 809 951 a
826 886 986 978 religione
1004 887 1089 957 Jesn

81 1005 229 1074 Messias
250 997 386 1095 prorsus
407 1003 589 1070 recessisse
611 1013 644 1069 et
657 1028 817 1094 paganam
832 1009 1020 1095 professum
1035 1008 1088 1098 t)3

82 1148 162 1190 nam
191 1123 237 1190 ita
265 1123 295 1198 si
321 1145 375 1188 res
403 1101 590 1206 bmuirset‘,
624 1122 829 1193 adversarius
859 1124 958 1191 credo
981 1124 1089 1190 eccle·

83 1241 238 1332 siastious
256 1252 391 1308 conatus
411 1259 480 1307 non
502 1253 609 1330 esset,
637 1241 887 1334 Hermogenem
908 1241 1088 1310 rationibus

84 1383 106 1425 e
129 1360 244 1459 bibliis
272 1361 374 1426 saeris
405 1358 585 1450 desumptis
606 1360 774 1434 refellere.
838 1362 918 1430 Vox
944 1363 1002 1430 illa
1024 1364 1089 1428 lroc

83 1478 310 1565 solummodo,
337 1479 374 1546 ni
400 1480 517 1566 fallor,
530 1480 668 1573 aperite
710 1482 958 1574 Hermogenem
979 1507 999 1550 a
1021 1477 1086 1550 fide

85 1712 297 1733 -Q

155 1897 214 1954 qna
237 1875 275 1935 de
290 1860 437 1954 particula
464 1879 582 1949 confer,
607 1879 805 1956 quodcunque
824 1874 862 1935 in
879 1880 1000 1960 isagoge
1023 1895 1090 1940 tosa

152 1971 188 2029 in
206 1971 326 2050 epistol.
345 1973 381 2028 ad
399 1973 514 2031 Coloss.
531 1993 598 2054 pag.
616 1976 669 2034 266
686 1996 748 2052 sqq.
766 1973 916 2054 prolatum
935 1989 988 2034 est.
1015 2027 1022 2048 ,

82 2104 114 2178 2)
141 2101 340 2179 Philosophia
359 2099 491 2160 Platonis
509 2110 678 2178 tempestate
695 2106 935 2184 Hermogeniana
952 2103 988 2162 ab
1011 2103 1091 2166 band

90 2189 93 2192 ¹
155 2199 259 2277 paucis
276 2196 377 2254 habita
395 2213 439 2254 est
454 2200 712 2274 praestantissima·

79 2333 113 2406 ς)
132 2326 221 2406 Quod
236 2327 457 2402 Hermogenes,
483 2348 576 2404 quum
593 2327 755 2404 Septimius
773 2327 874 2384 virum
892 2327 1092 2409 adoriebatur,

96 2421 97 2428 ’
154 2422 288 2480 addictos
306 2421 485 2478 Christiania
508 2423 597 2480 sacris
621 2437 698 2492 arat,
724 2421 842 2490 exhor
866 2442 984 2498 quoque
1003 2425 1089 2484 effato

153 2516 294 2594 Septimii
319 2535 381 2592 cap.
399 2519 414 2571 1
430 2500 532 2572 dnbio
544 2517 662 2592 ‚procul
680 2517 793 2592 elucett
833 2556 856 2587 „
865 2517 1017 2573 Christum
1037 2516 1089 2574 do·
1192 2531 1195 2534 '

153 2611 272 2670 minuam
297 2631 359 2668 non
382 2609 476 2668 alium
502 2614 578 2682 (non
594 2613 697 2669 Mosen
721 2611 790 2681 rel.)
815 2612 936 2669 videtur
958 2609 1091 2683 (scilicet
1120 2633 1122 2638 ·

153 2706 252 2776 anibi)
277 2704 366 2762 aliter
399 2706 559 2778 (nimirum
586 2725 673 2781 quarn
699 2703 864 2763 Christiani
884 2717 979 2761 rectae
1003 2704 1090 2778 fidei)

153 2821 343 2880 cognoscere,
361 2800 456 2859 alium
474 2819 572 2858 tamen
590 2801 673 2870 lacit,
692 2821 780 2876 quem
799 2798 885 2856 aliter
895 2799 1090 2877 cognoscit“.
1137 2849 1139 2858 s

152 2895 263 2954 Tenuit
280 2897 380 2972 itaque
397 2899 599 2974 Hermogenes
618 2911 757 2970 tanquam
775 2893 939 2950 haereticus
958 2891 1091 2968 aliquam

104 2989 106 2992 ’
154 2989 361 3069 coguitionem
381 2989 506 3059 Christi,
525 3009 582 3066 qna
601 3007 668 3045 cum
685 2985 835 3067 religione
853 2987 967 3045 Christi
984 2989 1090 3049 cohae-

151 3083 300 3141 rebate-
316 3083 420 3141 Liceat
437 3084 565 3158 adjicere
583 3077 670 3140 haec:
694 3085 897 3160 Hermogenes
911 3081 999 3153 clius,
1015 3085 1091 3160 quin

152 3199 170 3236 a
186 3181 298 3236 Nostro
317 3172 408 3253 plane
424 3178 576 3245 diversus,
600 3176 653 3252 qni
678 3197 751 3234 aevo
769 3175 945 3254 Apostolico
969 3193 1107 3238 exortus.

152 3289 209 3341 est,
226 3276 256 3328 11
269 3275 405 3333 Timotlr.
425 3295 452 3344 s,
471 3286 503 3342 15
522 3272 668 3328 intereos
686 3287 875 3340 numeratur,
893 3271 947 3346 qui
963 3272 1090 3332 Paulum

153 3370 215 3440 (ps)
233 3367 436 3440 ἀπεςρᾶφησαν.
471 3365 676 3424 Necessarium
693 3385 755 3422 non
773 3380 817 3422 est
834 3381 972 3440 statuere,
989 3366 1090 3442 ipsum

114 3467 120 3470 ’
152 3463 233 3518 hunc
257 3460 440 3540 areligione
464 3461 584 3538 penitus
600 3459 772 3527 recessisse,
806 3459 955 3535 siqnidem
979 3459 1013 3514 iu
1031 3459 1091 3516 hoc

153 3555 310 3614 subsistere
335 3575 441 3630 queas,
476 3554 557 3631 quod
587 3569 621 3610 nt
650 3551 780 3627 αι’ρετικόσ
810 3552 940 3610 deseruit
962 3552 1089 3624 Paulum

153 3653 277 3726 ejusque
295 3648 405 3726 placita
423 3648 541 3726 aliquot
558 3648 723 3727 singularia
740 3643 859 3722 abjecit.
909 3650 1036 3706 Eatenus
1053 3648 1089 3708 in

151 3744 256 3822 regula
275 3743 354 3815 (scil.
369 3744 440 3800 fidei
458 3742 649 3820 apostolicae)
667 3745 873 3820 Hermogenes
880 3741 936 3801 iste
948 3763 1009 3800 non
1021 3763 1089 3820 per.

151 3838 312 3906 asseravit,
329 3853 364 3894 ut
376 3825 653 3896 verbaTertulliani
668 3835 823 3894 adhibeam
833 3838 955 3913 (capul).
979 3835 1086 3898 simile

149 3933 227 4008 quid
244 3931 296 3990 vel
320 3933 399 4006 apud
422 3931 587 4010 complures
614 3931 790 3995 recentioris
807 3931 910 3988 astaus
928 3931 1089 4014 theologos

151 4024 255 4084 locum
273 4025 396 4096 hebuit,
420 4025 481 4084 nisi
498 4025 580 4104 qnod
597 4023 734 4104 exempla
748 4039 819 4084 aunt
836 4024 950 4089 odiost·
