2642 4568
103 509 208 578 quem
240 484 326 570 dixi,
357 485 474 553 libello
507 509 581 552 eum
608 486 822 578 Hermogene
851 489 981 560 videtur
1012 496 1112 588 depu-

99 629 248 696 gnasse,
270 616 484 696 posteaquam
508 605 548 670 ad
569 610 692 706 αἵρεσιν
723 608 994 678 Montanistarum
1024 615 1113 682 eirea

97 723 235 790 initium
257 723 381 792 saeculi
400 734 476 814 post
489 722 658 800 Christum
677 739 788 794 natum
805 729 894 795 tertii
912 743 1016 797 semet
1034 758 1110 799 eon·
1172 749 1176 760 '

96 843 242 931 tulerat3
274 844 433 911 nonnulla
453 843 576 935 quippe
596 845 826 930 Montanismi,
852 873 950 938 quem
971 865 1109 934 vocant,

15 955 17 968 ’
97 964 245 1054 vestigia
261 964 303 1030 in
324 962 429 1047 libro,
465 973 502 1027 ut
523 987 595 1053 cap.
617 963 653 1048 1,
693 966 780 1031 haud
802 965 900 1033 dubie
926 967 1109 1059 deprehen·

99 1085 238 1155 (luetur.
299 1083 396 1148 Umle
422 1079 516 1148 initio
536 1083 611 1164 iere
632 1084 722 1149 tertii
740 1086 865 1152 saeculi
885 1088 1110 1179 praeterlapso

95 1201 156 1290 (de
172 1202 335 1270 sententia
343 1201 642 1296 quidemPameliis
660 1228 745 1271 anno
761 1206 985 1273 ducentesimo
1000 1211 1108 1300 sexto)

96 1321 188 1390 liber
210 1323 340 1397 advers.
353 1324 602 1418 Hermogenem
623 1323 831 1414 conscriptus
856 1348 930 1390 csse
951 1326 1002 1417 1),
1025 1338 1058 1393 et
1077 1327 1108 1394 is

97 1441 176 1532 ipse
202 1442 326 1509 vixisse
350 1443 585 1510 existimandus
607 1454 669 1509 est.
720 1442 774 1507 Ex
797 1467 832 1508 se
860 1455 967 1510 autem
986 1445 1107 1528 intelli·

97 1561 209 1648 gitur,
229 1561 377 1651 pomisne
399 1561 600 1629 haereticum
621 1563 719 1628 etiam
737 1585 800 1655 per
820 1562 958 1652 longum
975 1574 1106 1656 tempus

100 1680 229 1747 sacculi
253 1681 392 1748 secundi
411 1681 509 1752 vitam
528 1705 626 1774 agere
641 1679 686 1772 2).

96 1889 308 1908 *aa*

168 2026 319 2085 saeculum
356 2028 436 2106 apud
463 2027 544 2085 bunc
573 2026 705 2096 illumne
735 2011 908 2105 scriptorem
940 2029 1104 2108 significas:

166 2121 324 2179 mundum.

94 2252 127 2325 t)
163 2249 383 2330 scriptionem,
415 2272 473 2329 qua
496 2249 722 2310 Valentinianos
747 2253 907 2309 factionem
939 2254 1103 2331 gnosticam

166 2347 388 2426 antesignanum
430 2341 600 2426 eggressus'
619 2362 681 2414 est,
725 2348 854 2404 confecit
882 2348 1103 2417 Tertullianus,

165 2441 259 2500 timul
297 2458 384 2518 etque
417 2443 451 2499 in
487 2441 730 2502 communionem
762 2443 1012 2499 Montanistarnm
1053 2462 1105 2499 sua

165 2553 270 2614 sponte
294 2552 429 2612 receptus
454 2551 533 2603 erat,
564 2534 805 2611 quandoquidem
830 2553 892 2610 cap.
913 2537 941 2597 V
963 2536 1084 2593 Procles
1093 2575 1103 2605 ,

163 2630 272 2690 assecla
289 2631 446 2700 Montani,
470 2629 549 2705 apurl
575 2629 797 2686 Tertullianum
821 2630 904 2686 audit
930 2638 1101 2700 „noster“.

163 2726 293 2804 Legitur
317 2723 430 2782 ibidem
455 2745 519 2802 cap.
544 2726 632 2784 XVI:
668 2726 826 2794 „materia‚
851 2745 924 2800 quae
948 2745 1002 2780 nos
1021 2745 1102 2780 com·
1205 2743 1214 2758 “

162 2820 250 2878 misit
266 2823 342 2892 (non
355 2821 537 2889 committet)
556 2839 624 2875 curn
636 2821 848 2896 Hermogeue“
867 2835 955 2882 caet.;
973 2821 1102 2895 pertinet

162 2915 366 2974 recommisit
389 2915 426 2971 ad
443 2902 622 2992 opusculum
640 2913 825 2991 Hermogeni
849 2933 865 2969 a
883 2915 1029 2989 Septimio
1048 2934 1100 2992 op-

161 3011 315 3088 positum,
337 3010 430 3090 idque
448 3009 544 3087 aperit
566 3023 633 3066 ente
649 3008 843 3085 scriptionem
862 3009 974 3067 advers.
992 3006 1100 3070 Valen-

160 3105 293 3162 tinianos
310 3119 493 3162 contextum.
522 3145 524 3153 .

88 3245 126 3326 ε’)
160 3250 320 3308 Invenitur
335 3250 370 3306 in
386 3248 542 3309 annalibus
560 3247 719 3308 ecclesiast.
738 3247 868 3305 Caesaris
884 3249 1009 3308 Batonii
1026 3265 1100 3306 tom.

160 3348 203 3409 11‘.
220 3364 288 3424 pag.
307 3350 366 3418 185.
385 3344 455 3403 edit.
475 3340 583 3399 Color.
601 3342 778 3421 Agrippina
813 3343 927 3420 „quod
952 3361 1011 3407 tam
1028 3343 1098 3398 Phi-

162 3439 285 3498 itstrius
309 3437 390 3510 (scil.
408 3457 471 3516 cap.
488 3437 573 3496 XLV
594 3435 665 3494 libr.
690 3437 725 3496 de
743 3436 867 3510 haeres.)
892 3459 978 3514 quam
996 3441 1100 3513 Augu·

162 3536 260 3592 stinns
273 3533 359 3608 (th
372 3533 406 3592 de
416 3532 573 3606 haeresib.)
590 3529 714 3590 nonnisi
731 3551 824 3610 quum
843 3550 935 3611 agunt
953 3533 987 3589 de
1000 3528 1100 3587 Sabel-

162 3627 274 3697 lianis,
292 3628 327 3684 de
345 3631 533 3706 Hermogene
550 3643 731 3700 memorant,
749 3645 865 3706 accepta
883 3644 926 3686 est
943 3647 959 3681 a
976 3625 1099 3702 quibus·

163 3722 230 3779 dam
255 3721 518 3791 montoranto,
549 3737 583 3780 ut
605 3723 756 3800 putarint,
778 3738 848 3799 post
863 3718 1027 3777 sabellium
1050 3723 1099 3779 vi.

160 3819 241 3875 xisse
258 3819 477 3896 Hermogenem
484 3821 523 3872 “l
543 3819 624 3896 Ergo
641 3833 710 3895 post
726 3814 860 3872 medium
878 3833 951 3872 saec.
964 3817 1099 3886 tertium,

159 3911 247 3988 quasi
265 3931 338 3970 vero
354 3909 558 3971 Tertullianus
577 3926 649 3969 tunc
673 3908 817 3989 temporis
836 3908 900 3968 vita
924 3911 1020 3971 adhuc
1036 3913 1098 3969 fru-

158 4007 221 4064 itus
238 4005 294 4065 sitt
