2642 4568
544 329 594 410 47

60 525 107 568 ue
132 525 175 567 ex
196 498 308 590 aliquo
329 499 453 565 laetum
473 494 689 568 existimetur.
711 531 753 550 -
774 529 816 548 -
843 491 944 594 Quod
960 497 1071 564 autern
1167 529 1170 538 ·
1278 530 1281 542 ·

61 645 112 710 ex
136 619 247 709 aliquo
272 617 327 702 lit,
361 617 427 682 nisi
451 618 514 681 lroe
541 615 651 704 ipsum
676 623 786 702 aperte
815 613 999 683 declaratur
1024 640 1069 684 ex

60 739 178 828 aliquo
212 738 334 802 laetum
368 735 459 825 (dum
489 733 574 800 illud
607 757 650 799 ex
679 759 745 823 quo
773 742 895 800 sactum
924 733 971 800 sit
997 759 1067 802 non

60 853 282 946 ostenditur),
317 853 557 946 periclitabitur
579 852 686 942 primo
707 853 812 919 videri
834 860 876 917 ex
894 853 998 919 nihilo
1019 849 1066 920 la·

60 979 180 1056 etum-j
198 1011 241 1030 -
257 1009 301 1025 -
331 972 461 1040 Dehine
478 971 546 1064 ¹etsi
578 995 616 1037 ea
637 971 680 1037 sit
697 971 915 1058 condicione,
943 983 1066 1042 utnon

60 1093 172 1188 possit
192 1091 297 1159 videri
324 1115 393 1157 non
420 1115 462 1156 ex
487 1091 596 1180 aliquo
624 1088 711 1181 (seil.
732 1090 894 1182 laetum,)
925 1092 1064 1180 proinde

61 1210 327 1308 periclitabitur,
365 1235 406 1276 ex
437 1210 502 1277 alio
528 1212 629 1301 longe
656 1213 779 1276 laetum
804 1210 930 1294 videri,
968 1237 1066 1303 quam

39 1335 107 1403 'ex
129 1359 196 1426 quo
216 1333 339 1400 laetum
352 1335 450 1402 est“.
494 1323 601 1397 Sicuti
622 1339 771 1396 auctores
789 1325 875 1396 sueri
891 1329 1065 1422 (imprimis

33 1469 36 1480 ’
61 1451 221 1545 Paulus),
255 1474 394 1542 quorum
413 1447 537 1533 refert,
578 1457 614 1516 ut
641 1474 708 1540 nou
730 1448 836 1514 solum
862 1448 1071 1544 profundae,

33 1585 50 1683 'r
64 1569 124 1642 sed
145 1573 263 1655 etiam,
293 1579 449 1660 quantum
464 1562 541 1634 *lieri
559 1567 683 1658 possit,
716 1568 909 1658 perspieuas
933 1586 1064 1641 seuten-

63 1695 123 1760 tias
148 1715 224 1758 eum
238 1688 419 1755 lectoribus
439 1685 641 1754 suavissimis
663 1687 923 1774 communicent,
945 1714 988 1758 ex
1007 1691 1062 1778 iis,

66 1836 148 1903 quae
169 1817 426 1899 proposuerunt,
452 1807 602 1872 omnihus
618 1805 848 1873 conclusiones
862 1808 972 1875 lacere
987 1833 1065 1876 eon-

66 1939 263 2012 suevorunt,
288 1922 337 1994 sie
355 1933 389 1992 et
409 1919 632 1992 Tertullianus
655 1923 779 2011 exiis,
803 1947 885 2015 quae
910 1925 992 1994 dixit
1011 1951 1065 1993 su·

63 2074 134 2140 pra,
158 2047 239 2113 haee
258 2041 404 2136 colligit:
445 2042 524 2128 „ita
550 2033 667 2135 (ὦςε)
702 2033 745 2110 εἰΔ
762 2066 804 2111 ex
836 2043 940 2114 nihilo
968 2043 1062 2117 Deus

65 2174 182 2236 ennete
199 2164 308 2230 lacere
329 2185 397 2229 uon
417 2159 524 2252 potuit
546 2160 637 2245 (seil.
659 2167 723 2230 hoe
743 2165 876 2254 ponitur
896 2165 1063 2250 duntaxat,

66 2311 124 2354 nee
155 2307 234 2354 vero
260 2278 458 2373 approbatur
482 2307 501 2347 a
523 2277 763 2367 Tertulliano),
793 2283 876 2361 etsi
900 2285 1064 2375 seriptum

66 2431 129 2473 uon
151 2398 346 2492 adjecisset,
373 2399 470 2467 illum
495 2425 537 2469 ex
565 2399 668 2496 nihilo
689 2393 831 2486 secisse,
866 2425 908 2467 ex
929 2403 1065 2474 materia

67 2498 139 2592 eum
159 2523 302 2608 iecisse,
332 2520 446 2588 debuit
471 2517 634 2605 edixisse,
667 2514 697 2585 si
723 2559 765 2574 -
792 2543 834 2585 ex
860 2520 994 2588 materia
1013 2519 1064 2588 le·

45 2645 182 2728 ‘eisset,
213 2641 291 2731 quia
316 2639 400 2706 illud
426 2638 611 2724 (nimirums
652 2639 747 2730 quod
761 2637 855 2706 Deus
886 2667 928 2708 ex
954 2641 1059 2708 nihilo

66 2758 170 2854 feeit)
199 2761 361 2828 intutum
386 2759 529 2827 habebat
556 2757 699 2848 intelligi
721 2763 775 2842 1),
803 2755 851 2848 (ud
870 2772 939 2828 esta
963 2760 1063 2853 plane

60 2963 272 3020 ,m

128 3115 166 3137 ...
187 3087 205 3162 ἡ
222 3086 409 3156 moderatim,
435 3091 624 3160 (vernaculos
641 3091 676 3156 ta
694 3091 764 3170 niet
780 3090 908 3164 tillim)
924 3087 1072 3162 ε’πιὸεῗξας,

130 3185 161 3244 oi
177 3185 228 3258 μὲν
243 3183 337 3258 mstis
355 3207 384 3242 τε
400 3193 446 3242 καὶ
462 3187 624 3262 φιλάδελφος
639 3190 722 3257 εἶναι,
748 3189 844 3250 ἐκεῖνος
866 3188 896 3246 δὲ
917 3188 1016 3262 pailet
1034 3207 1064 3242 τε

131 3289 176 3338 καὶ
193 3278 241 3338 οὐκ
263 3269 337 3346 ε’ἶξιοσ
359 3278 503 3353 εὐεργεσίας
511 3289 537 3340 “.
573 3284 679 3340 Monet
696 3281 890 3342 Scltneide'rus
915 3282 1063 3358 apposite:

129 3387 197 3451 post
214 3373 310 3432 dativae
325 3368 354 3430 de*
372 3395 432 3432 esse
450 3369 629 3442 „nardausdess
643 3377 796 3443 teutatem
814 3373 1062 3435 subaudiendum·

123 3491 166 3516 n·
182 3465 385 3548 Glossarium,
404 3469 484 3542 qnod
501 3470 648 3527 semlerus
661 3491 728 3527 snae
741 3465 922 3528 Tertulliani
935 3464 1070 3525 editioni.

132 3561 259 3635 adjecit,
276 3578 417 3635 perquam
436 3560 524 3633 utile,
549 3564 601 3621 sed
623 3585 685 3621 non
703 3565 843 3623 omnibus
866 3563 998 3622 numeris
1015 3561 1067 3620 ab·

59 3660 64 3698 l
130 3655 272 3712 solutum·

70 3747 98 3821 t)
129 3749 225 3806 Habes
252 3747 399 3806 rationem
422 3749 582 3828 loquendi,
600 3755 742 3812 Ciceroni
760 3774 878 3831 quoque
896 3753 1064 3833 probatam,

129 3842 184 3902 lib.
202 3845 249 3899 111
267 3840 303 3899 de
318 3859 416 3902 natur.
450 3847 542 3905 Deor.
561 3867 623 3924 esp.
641 3866 677 3922 59
693 3849 833 3925 ponenti:
858 3853 978 3920 „Haeo
1002 3854 1063 3910 lere

131 3939 226 4026 diuers
243 3935 388 3993 habaida
406 3955 510 3998 natura
525 3933 702 3999 Duorum‘st
742 3941 906 4017 simillime
929 3965 1063 4008 unctores

130 4032 250 4092 Graeci:
265 4032 316 4102 ἔχω
333 4030 426 4094 ainaim
